<?xml version="1.0" encoding="UTF-8"?>
<!DOCTYPE html PUBLIC "-//W3C//DTD XHTML 1.0 Transitional//EN"
    "http://www.w3.org/TR/xhtml1/DTD/xhtml1-transitional.dtd">
<html xmlns="http://www.w3.org/1999/xhtml" xml:lang="en" lang="en">
 <head>
  <title>
</title>
<meta http-equiv="Content-Type" content="text/html;charset=utf-8" />
  <meta name='ocr-system' content='tesseract 3.04.00' />
  <meta name='ocr-capabilities' content='ocr_page ocr_carea ocr_par ocr_line ocrx_word'/>
</head>
<body>
  <div class='ocr_page' id='page_1' title='image "./detheopompichii00pflugoog_0050.png"; bbox 0 0 2534 4658; ppageno 0'>
   <div class='ocr_carea' id='block_1_1' title="bbox 446 358 654 421">
    <p class='ocr_par' dir='ltr' id='par_1_1' title="bbox 446 358 654 421">
     <span class='ocr_line' id='line_1_1' title="bbox 446 358 654 421; baseline -0.01 -13"><span class='ocrx_word' id='word_1_1' title='bbox 446 358 654 421; x_wconf 73' lang='grc'><strong>...31-</strong></span> 
     </span>
    </p>
   </div>
   <div class='ocr_carea' id='block_1_2' title="bbox 77 523 1072 2838">
    <p class='ocr_par' dir='ltr' id='par_1_2' title="bbox 77 523 1072 2838">
     <span class='ocr_line' id='line_1_2' title="bbox 79 523 1017 614; baseline -0.001 -23"><span class='ocrx_word' id='word_1_2' title='bbox 79 523 257 591; x_wconf 85' lang='lat' dir='ltr'><strong>ceiehravit.</strong></span> <span class='ocrx_word' id='word_1_3' title='bbox 274 527 304 613; x_wconf 83' lang='lat'><strong>¹)</strong></span> <span class='ocrx_word' id='word_1_4' title='bbox 349 525 486 591; x_wconf 80' lang='lat' dir='ltr'><strong>Disertis</strong></span> <span class='ocrx_word' id='word_1_5' title='bbox 513 538 617 589; x_wconf 86' lang='lat' dir='ltr'><strong>tumen</strong></span> <span class='ocrx_word' id='word_1_6' title='bbox 644 524 749 593; x_wconf 78' lang='lat' dir='ltr'><strong>verbis</strong></span> <span class='ocrx_word' id='word_1_7' title='bbox 776 528 836 614; x_wconf 86' lang='lat' dir='ltr'><strong>qui</strong></span> <span class='ocrx_word' id='word_1_8' title='bbox 854 546 894 592; x_wconf 87' lang='lat' dir='ltr'><strong>ea</strong></span> <span class='ocrx_word' id='word_1_9' title='bbox 912 524 957 590; x_wconf 70' lang='lat' dir='ltr'><strong>ue</strong></span> <span class='ocrx_word' id='word_1_10' title='bbox 982 548 1017 601; x_wconf 88' lang='lat' dir='ltr'><strong>re</strong></span> 
     </span>
     <span class='ocr_line' id='line_1_3' title="bbox 78 625 1060 709; baseline -0.003 -19"><span class='ocrx_word' id='word_1_11' title='bbox 78 627 270 690; x_wconf 86' lang='lat' dir='ltr'><strong>mentionem</strong></span> <span class='ocrx_word' id='word_1_12' title='bbox 301 625 462 702; x_wconf 88' lang='lat' dir='ltr'><strong>iniecerit,</strong></span> <span class='ocrx_word' id='word_1_13' title='bbox 504 638 644 689; x_wconf 86' lang='lat' dir='ltr'><strong>veterum</strong></span> <span class='ocrx_word' id='word_1_14' title='bbox 675 626 860 709; x_wconf 86' lang='lat' dir='ltr'><strong>scriptorum</strong></span> <span class='ocrx_word' id='word_1_15' title='bbox 893 625 1017 708; x_wconf 82' lang='lat' dir='ltr'>reperio</span> <span class='ocrx_word' id='word_1_16' title='bbox 1038 631 1060 640; x_wconf 83' lang='grc'><em>”</em></span> 
     </span>
     <span class='ocr_line' id='line_1_4' title="bbox 78 720 1019 796; baseline -0.003 -10"><span class='ocrx_word' id='word_1_17' title='bbox 78 725 251 787; x_wconf 82' lang='lat' dir='ltr'><strong>neminem:</strong></span> <span class='ocrx_word' id='word_1_18' title='bbox 281 724 343 785; x_wconf 87' lang='lat' dir='ltr'><strong>nisi</strong></span> <span class='ocrx_word' id='word_1_19' title='bbox 364 721 424 784; x_wconf 93' lang='lat' dir='ltr'><strong>huc</strong></span> <span class='ocrx_word' id='word_1_20' title='bbox 443 720 567 786; x_wconf 80' lang='lat' dir='ltr'><strong>trahere</strong></span> <span class='ocrx_word' id='word_1_21' title='bbox 586 720 665 786; x_wconf 87' lang='lat' dir='ltr'><strong>velis</strong></span> <span class='ocrx_word' id='word_1_22' title='bbox 683 720 909 796; x_wconf 71' lang='lat' dir='ltr'><strong>sozomenum,</strong></span> <span class='ocrx_word' id='word_1_23' title='bbox 935 723 1019 783; x_wconf 90' lang='lat' dir='ltr'><strong>inter</strong></span> 
     </span>
     <span class='ocr_line' id='line_1_5' title="bbox 78 814 1019 903; baseline -0.003 -21"><span class='ocrx_word' id='word_1_24' title='bbox 78 820 188 884; x_wconf 87' lang='lat' dir='ltr'><strong>doctos</strong></span> <span class='ocrx_word' id='word_1_25' title='bbox 213 817 376 895; x_wconf 78' lang='lat' dir='ltr'><strong>honninos,</strong></span> <span class='ocrx_word' id='word_1_26' title='bbox 403 839 481 903; x_wconf 87' lang='lat' dir='ltr'><strong>quos</strong></span> <span class='ocrx_word' id='word_1_27' title='bbox 507 839 599 903; x_wconf 85' lang='lat' dir='ltr'><strong>reges</strong></span> <span class='ocrx_word' id='word_1_28' title='bbox 626 815 808 883; x_wconf 89' lang='lat' dir='ltr'><strong>muneribus</strong></span> <span class='ocrx_word' id='word_1_29' title='bbox 832 814 1019 880; x_wconf 90' lang='lat' dir='ltr'><strong>honoribus·</strong></span> 
     </span>
     <span class='ocr_line' id='line_1_6' title="bbox 79 891 1019 1001; baseline -0.003 -23"><span class='ocrx_word' id='word_1_30' title='bbox 79 937 138 1001; x_wconf 88' lang='lat' dir='ltr'><strong>que</strong></span> <span class='ocrx_word' id='word_1_31' title='bbox 165 917 347 1000; x_wconf 82' lang='lat' dir='ltr'><strong>prosequuti</strong></span> <span class='ocrx_word' id='word_1_32' title='bbox 372 916 452 991; x_wconf 87' lang='lat' dir='ltr'><strong>sint,</strong></span> <span class='ocrx_word' id='word_1_33' title='bbox 490 919 584 979; x_wconf 90' lang='lat' dir='ltr'><strong>etiam</strong></span> <span class='ocrx_word' id='word_1_34' title='bbox 613 891 853 1000; x_wconf 79' lang='lat' dir='ltr'><strong>Theopompum</strong></span> <span class='ocrx_word' id='word_1_35' title='bbox 879 913 1019 976; x_wconf 82' lang='lat' dir='ltr'><strong>referen-</strong></span> 
     </span>
     <span class='ocr_line' id='line_1_7' title="bbox 79 1009 1019 1096; baseline -0.003 -22"><span class='ocrx_word' id='word_1_36' title='bbox 79 1025 151 1075; x_wconf 91' lang='lat' dir='ltr'><strong>tem.</strong></span> <span class='ocrx_word' id='word_1_37' title='bbox 169 1011 199 1094; x_wconf 64' lang='grc'><strong>2)</strong></span> <span class='ocrx_word' id='word_1_38' title='bbox 244 1009 325 1076; x_wconf 88' lang='lat' dir='ltr'><strong>Nam</strong></span> <span class='ocrx_word' id='word_1_39' title='bbox 354 1011 392 1075; x_wconf 89' lang='lat' dir='ltr'><strong>de</strong></span> <span class='ocrx_word' id='word_1_40' title='bbox 411 1010 545 1095; x_wconf 83' lang='lat' dir='ltr'><strong>Polybio</strong></span> <span class='ocrx_word' id='word_1_41' title='bbox 570 1013 654 1077; x_wconf 85' lang='lat' dir='ltr'><strong>iufra</strong></span> <span class='ocrx_word' id='word_1_42' title='bbox 679 1009 814 1088; x_wconf 86' lang='lat' dir='ltr'><strong>videbo,</strong></span> <span class='ocrx_word' id='word_1_43' title='bbox 846 1011 899 1096; x_wconf 88' lang='lat' dir='ltr'><strong>qui</strong></span> <span class='ocrx_word' id='word_1_44' title='bbox 924 1031 1019 1094; x_wconf 87' lang='lat' dir='ltr'><strong>quum</strong></span> 
     </span>
     <span class='ocr_line' id='line_1_8' title="bbox 78 1104 1018 1205; baseline -0.006 -33"><span class='ocrx_word' id='word_1_45' title='bbox 78 1107 192 1172; x_wconf 74' lang='lat' dir='ltr'><strong>miultis.</strong></span> <span class='ocrx_word' id='word_1_46' title='bbox 209 1106 387 1172; x_wconf 89' lang='lat' dir='ltr'><strong>nominihus</strong></span> <span class='ocrx_word' id='word_1_47' title='bbox 416 1106 658 1205; x_wconf 71' lang='lat' dir='ltr'><strong>Theopompum</strong></span> <span class='ocrx_word' id='word_1_48' title='bbox 688 1110 824 1193; x_wconf 69' lang='lat' dir='ltr'><strong>grauiter</strong></span> <span class='ocrx_word' id='word_1_49' title='bbox 847 1104 1018 1168; x_wconf 86' lang='lat' dir='ltr'><strong>invidiose-</strong></span> 
     </span>
     <span class='ocr_line' id='line_1_9' title="bbox 80 1200 1019 1291; baseline -0.004 -23"><span class='ocrx_word' id='word_1_50' title='bbox 80 1227 140 1291; x_wconf 89' lang='lat' dir='ltr'><strong>que</strong></span> <span class='ocrx_word' id='word_1_51' title='bbox 167 1206 345 1282; x_wconf 88' lang='lat' dir='ltr'><strong>accusavit,</strong></span> <span class='ocrx_word' id='word_1_52' title='bbox 382 1216 448 1270; x_wconf 89' lang='lat' dir='ltr'><strong>tum</strong></span> <span class='ocrx_word' id='word_1_53' title='bbox 476 1227 552 1282; x_wconf 82' lang='lat' dir='ltr'><strong>vero</strong></span> <span class='ocrx_word' id='word_1_54' title='bbox 582 1204 644 1270; x_wconf 93' lang='lat' dir='ltr'><strong>hoc</strong></span> <span class='ocrx_word' id='word_1_55' title='bbox 674 1224 770 1268; x_wconf 88' lang='lat' dir='ltr'><strong>ausus</strong></span> <span class='ocrx_word' id='word_1_56' title='bbox 799 1215 848 1266; x_wconf 91' lang='lat' dir='ltr'><strong>est</strong></span> <span class='ocrx_word' id='word_1_57' title='bbox 872 1200 1019 1279; x_wconf 89' lang='lat' dir='ltr'><strong>scribere,</strong></span> 
     </span>
     <span class='ocr_line' id='line_1_10' title="bbox 78 1293 1021 1389; baseline -0.005 -23"><span class='ocrx_word' id='word_1_58' title='bbox 78 1301 214 1388; x_wconf 87' lang='lat' dir='ltr'><strong>Philippi</strong></span> <span class='ocrx_word' id='word_1_59' title='bbox 245 1322 320 1364; x_wconf 91' lang='lat' dir='ltr'><strong>eum</strong></span> <span class='ocrx_word' id='word_1_60' title='bbox 345 1303 478 1386; x_wconf 84' lang='lat' dir='ltr'><strong>gratiam</strong></span> <span class='ocrx_word' id='word_1_61' title='bbox 506 1315 649 1389; x_wconf 79' lang='lat' dir='ltr'><strong>captasse</strong></span> <span class='ocrx_word' id='word_1_62' title='bbox 679 1311 711 1363; x_wconf 91' lang='lat' dir='ltr'><strong>et</strong></span> <span class='ocrx_word' id='word_1_63' title='bbox 746 1293 825 1362; x_wconf 87' lang='lat' dir='ltr'><strong>lucri</strong></span> <span class='ocrx_word' id='word_1_64' title='bbox 852 1299 1021 1385; x_wconf 84' lang='lat' dir='ltr'><strong>cupiditate</strong></span> 
     </span>
     <span class='ocr_line' id='line_1_11' title="bbox 78 1393 1022 1483; baseline -0.004 -21"><span class='ocrx_word' id='word_1_65' title='bbox 78 1411 212 1475; x_wconf 90' lang='lat' dir='ltr'><strong>motum,</strong></span> <span class='ocrx_word' id='word_1_66' title='bbox 233 1395 343 1461; x_wconf 86' lang='lat' dir='ltr'><strong>relicte</strong></span> <span class='ocrx_word' id='word_1_67' title='bbox 364 1420 455 1483; x_wconf 92' lang='lat' dir='ltr'><strong>quam</strong></span> <span class='ocrx_word' id='word_1_68' title='bbox 474 1398 677 1462; x_wconf 82' lang='lat' dir='ltr'><strong>inchoaverat</strong></span> <span class='ocrx_word' id='word_1_69' title='bbox 702 1416 805 1459; x_wconf 88' lang='lat' dir='ltr'><strong>rerum</strong></span> <span class='ocrx_word' id='word_1_70' title='bbox 829 1393 1022 1459; x_wconf 86' lang='lat' dir='ltr'><strong>Graecarum</strong></span> 
     </span>
     <span class='ocr_line' id='line_1_12' title="bbox 78 1491 916 1581; baseline -0.001 -25"><span class='ocrx_word' id='word_1_71' title='bbox 78 1491 225 1571; x_wconf 88' lang='lat' dir='ltr'><strong>historia,</strong></span> <span class='ocrx_word' id='word_1_72' title='bbox 254 1493 295 1556; x_wconf 87' lang='lat' dir='ltr'><strong>ad</strong></span> <span class='ocrx_word' id='word_1_73' title='bbox 318 1514 369 1555; x_wconf 89' lang='lat' dir='ltr'><strong>res</strong></span> <span class='ocrx_word' id='word_1_74' title='bbox 389 1491 525 1581; x_wconf 88' lang='lat' dir='ltr'><strong>Philippi</strong></span> <span class='ocrx_word' id='word_1_75' title='bbox 545 1492 726 1559; x_wconf 82' lang='lat' dir='ltr'><strong>scribendas</strong></span> <span class='ocrx_word' id='word_1_76' title='bbox 744 1494 916 1556; x_wconf 84' lang='lat' dir='ltr'><strong>transiisse.</strong></span> 
     </span>
     <span class='ocr_line' id='line_1_13' title="bbox 160 1585 1021 1678; baseline -0.002 -25"><span class='ocrx_word' id='word_1_77' title='bbox 160 1587 299 1662; x_wconf 88' lang='lat' dir='ltr'><strong>Difficile</strong></span> <span class='ocrx_word' id='word_1_78' title='bbox 326 1589 386 1651; x_wconf 81' lang='lat' dir='ltr'><strong>fuit</strong></span> <span class='ocrx_word' id='word_1_79' title='bbox 411 1585 652 1678; x_wconf 88' lang='lat' dir='ltr'><strong>Theopompum</strong></span> <span class='ocrx_word' id='word_1_80' title='bbox 683 1588 823 1674; x_wconf 85' lang='lat' dir='ltr'><strong>effugere</strong></span> <span class='ocrx_word' id='word_1_81' title='bbox 851 1587 1021 1675; x_wconf 90' lang='lat' dir='ltr'><strong>reprehen-</strong></span> 
     </span>
     <span class='ocr_line' id='line_1_14' title="bbox 78 1684 1020 1772; baseline -0.001 -23"><span class='ocrx_word' id='word_1_82' title='bbox 78 1687 219 1762; x_wconf 84' lang='lat' dir='ltr'><strong>sionem,</strong></span> <span class='ocrx_word' id='word_1_83' title='bbox 247 1698 413 1770; x_wconf 89' lang='lat' dir='ltr'><strong>propterea</strong></span> <span class='ocrx_word' id='word_1_84' title='bbox 445 1688 526 1772; x_wconf 91' lang='lat' dir='ltr'><strong>quod</strong></span> <span class='ocrx_word' id='word_1_85' title='bbox 554 1709 618 1752; x_wconf 90' lang='lat' dir='ltr'><strong>non</strong></span> <span class='ocrx_word' id='word_1_86' title='bbox 639 1684 741 1750; x_wconf 88' lang='lat' dir='ltr'><strong>solum</strong></span> <span class='ocrx_word' id='word_1_87' title='bbox 762 1686 928 1749; x_wconf 81' lang='lat' dir='ltr'><strong>manifesta</strong></span> <span class='ocrx_word' id='word_1_88' title='bbox 951 1707 1020 1748; x_wconf 85' lang='lat' dir='ltr'><strong>sce·</strong></span> 
     </span>
     <span class='ocr_line' id='line_1_15' title="bbox 77 1780 1021 1866; baseline 0 -22"><span class='ocrx_word' id='word_1_89' title='bbox 77 1780 145 1844; x_wconf 84' lang='lat' dir='ltr'><strong>iera</strong></span> <span class='ocrx_word' id='word_1_90' title='bbox 163 1802 257 1866; x_wconf 87' lang='lat' dir='ltr'><strong>quum</strong></span> <span class='ocrx_word' id='word_1_91' title='bbox 278 1780 659 1866; x_wconf 82' lang='lat' dir='ltr'><strong>singulorumhominum,</strong></span> <span class='ocrx_word' id='word_1_92' title='bbox 677 1795 742 1845; x_wconf 87' lang='lat' dir='ltr'><strong>turn</strong></span> <span class='ocrx_word' id='word_1_93' title='bbox 755 1784 914 1846; x_wconf 86' lang='lat' dir='ltr'><strong>civitatum</strong></span> <span class='ocrx_word' id='word_1_94' title='bbox 933 1803 1021 1845; x_wconf 89' lang='lat' dir='ltr'><strong>acer·</strong></span> 
     </span>
     <span class='ocr_line' id='line_1_16' title="bbox 77 1878 1021 1964; baseline 0.001 -24"><span class='ocrx_word' id='word_1_95' title='bbox 77 1879 156 1940; x_wconf 89' lang='lat' dir='ltr'><strong>rime</strong></span> <span class='ocrx_word' id='word_1_96' title='bbox 179 1879 371 1960; x_wconf 82' lang='lat' dir='ltr'><strong>exagitaret,</strong></span> <span class='ocrx_word' id='word_1_97' title='bbox 399 1899 509 1945; x_wconf 89' lang='lat' dir='ltr'><strong>verum</strong></span> <span class='ocrx_word' id='word_1_98' title='bbox 530 1884 625 1944; x_wconf 90' lang='lat' dir='ltr'><strong>etiam</strong></span> <span class='ocrx_word' id='word_1_99' title='bbox 643 1879 773 1943; x_wconf 88' lang='lat' dir='ltr'><strong>latentia</strong></span> <span class='ocrx_word' id='word_1_100' title='bbox 797 1881 875 1942; x_wconf 82' lang='lat' dir='ltr'><strong>vitia</strong></span> <span class='ocrx_word' id='word_1_101' title='bbox 894 1878 1021 1964; x_wconf 83' lang='lat' dir='ltr'><strong>detege·</strong></span> 
     </span>
     <span class='ocr_line' id='line_1_17' title="bbox 77 1975 1021 2061; baseline -0.002 -22"><span class='ocrx_word' id='word_1_102' title='bbox 77 1987 145 2051; x_wconf 88' lang='lat' dir='ltr'><strong>ret,</strong></span> <span class='ocrx_word' id='word_1_103' title='bbox 183 1994 311 2037; x_wconf 83' lang='lat' dir='ltr'><strong>caussas</strong></span> <span class='ocrx_word' id='word_1_104' title='bbox 342 1975 492 2061; x_wconf 88' lang='lat' dir='ltr'><strong>cuiusque</strong></span> <span class='ocrx_word' id='word_1_105' title='bbox 520 1978 567 2040; x_wconf 90' lang='lat' dir='ltr'><strong>rei</strong></span> <span class='ocrx_word' id='word_1_106' title='bbox 600 1976 778 2040; x_wconf 88' lang='lat' dir='ltr'><strong>reconditas</strong></span> <span class='ocrx_word' id='word_1_107' title='bbox 805 1978 1021 2060; x_wconf 83' lang='lat' dir='ltr'><strong>investigaret,-</strong></span> 
     </span>
     <span class='ocr_line' id='line_1_18' title="bbox 78 2069 1020 2158; baseline -0.002 -23"><span class='ocrx_word' id='word_1_108' title='bbox 78 2093 179 2158; x_wconf 89' lang='lat' dir='ltr'><strong>ueque</strong></span> <span class='ocrx_word' id='word_1_109' title='bbox 200 2069 361 2157; x_wconf 88' lang='lat' dir='ltr'><strong>improbos</strong></span> <span class='ocrx_word' id='word_1_110' title='bbox 387 2070 532 2135; x_wconf 88' lang='lat' dir='ltr'><strong>homines</strong></span> <span class='ocrx_word' id='word_1_111' title='bbox 559 2076 664 2158; x_wconf 83' lang='lat' dir='ltr'><strong>specie</strong></span> <span class='ocrx_word' id='word_1_112' title='bbox 691 2074 814 2137; x_wconf 85' lang='lat' dir='ltr'><strong>virtutis</strong></span> <span class='ocrx_word' id='word_1_113' title='bbox 840 2093 876 2135; x_wconf 88' lang='lat' dir='ltr'><strong>se</strong></span> <span class='ocrx_word' id='word_1_114' title='bbox 903 2074 1020 2134; x_wconf 89' lang='lat' dir='ltr'><strong>iactare</strong></span> 
     </span>
     <span class='ocr_line' id='line_1_19' title="bbox 77 2162 1021 2256; baseline -0.001 -24"><span class='ocrx_word' id='word_1_115' title='bbox 77 2181 246 2256; x_wconf 83' lang='lat' dir='ltr'><strong>pateretur.</strong></span> <span class='ocrx_word' id='word_1_116' title='bbox 284 2162 361 2245; x_wconf 74' lang='lat' dir='ltr'><strong>&#39;Quo</strong></span> <span class='ocrx_word' id='word_1_117' title='bbox 380 2169 498 2233; x_wconf 80' lang='lat' dir='ltr'><strong>factum</strong></span> <span class='ocrx_word' id='word_1_118' title='bbox 517 2180 581 2246; x_wconf 91' lang='lat' dir='ltr'><strong>est,</strong></span> <span class='ocrx_word' id='word_1_119' title='bbox 606 2181 642 2231; x_wconf 88' lang='lat' dir='ltr'><strong>ut</strong></span> <span class='ocrx_word' id='word_1_120' title='bbox 663 2168 820 2233; x_wconf 90' lang='lat' dir='ltr'><strong>nonnullis</strong></span> <span class='ocrx_word' id='word_1_121' title='bbox 836 2169 962 2232; x_wconf 87' lang='lat' dir='ltr'><strong>invidus</strong></span> <span class='ocrx_word' id='word_1_122' title='bbox 983 2189 1021 2232; x_wconf 91' lang='lat' dir='ltr'><strong>ac</strong></span> 
     </span>
     <span class='ocr_line' id='line_1_20' title="bbox 77 2263 1021 2350; baseline 0 -20"><span class='ocrx_word' id='word_1_123' title='bbox 77 2263 249 2330; x_wconf 81' lang='lat' dir='ltr'><strong>maledicus</strong></span> <span class='ocrx_word' id='word_1_124' title='bbox 267 2265 441 2329; x_wconf 84' lang='lat' dir='ltr'><strong>videretur:</strong></span> <span class='ocrx_word' id='word_1_125' title='bbox 464 2285 508 2328; x_wconf 85' lang='lat' dir='ltr'><strong>ex</strong></span> <span class='ocrx_word' id='word_1_126' title='bbox 522 2285 583 2350; x_wconf 90' lang='lat' dir='ltr'><strong>quo</strong></span> <span class='ocrx_word' id='word_1_127' title='bbox 597 2267 631 2328; x_wconf 92' lang='lat' dir='ltr'><strong>in</strong></span> <span class='ocrx_word' id='word_1_128' title='bbox 644 2264 812 2330; x_wconf 89' lang='lat' dir='ltr'><strong>multorum</strong></span> <span class='ocrx_word' id='word_1_129' title='bbox 826 2267 1021 2330; x_wconf 81' lang='lat' dir='ltr'><strong>offensiones</strong></span> 
     </span>
     <span class='ocr_line' id='line_1_21' title="bbox 78 2360 978 2449; baseline -0.001 -24"><span class='ocrx_word' id='word_1_130' title='bbox 78 2374 171 2449; x_wconf 89' lang='lat' dir='ltr'><strong>atque</strong></span> <span class='ocrx_word' id='word_1_131' title='bbox 199 2361 273 2424; x_wconf 86' lang='lat' dir='ltr'><strong>odia</strong></span> <span class='ocrx_word' id='word_1_132' title='bbox 299 2360 409 2425; x_wconf 86' lang='lat' dir='ltr'><strong>incidit</strong></span> <span class='ocrx_word' id='word_1_133' title='bbox 435 2381 611 2449; x_wconf 81' lang='lat' dir='ltr'><strong>gravesque</strong></span> <span class='ocrx_word' id='word_1_134' title='bbox 631 2363 810 2426; x_wconf 88' lang='lat' dir='ltr'><strong>inimicitias</strong></span> <span class='ocrx_word' id='word_1_135' title='bbox 830 2364 978 2448; x_wconf 84' lang='lat' dir='ltr'><strong>suscepit.</strong></span> 
     </span>
     <span class='ocr_line' id='line_1_22' title="bbox 161 2455 1072 2545; baseline 0 -24"><span class='ocrx_word' id='word_1_136' title='bbox 161 2457 266 2544; x_wconf 86' lang='lat' dir='ltr'><strong>Atque</strong></span> <span class='ocrx_word' id='word_1_137' title='bbox 300 2455 367 2540; x_wconf 78' lang='lat' dir='ltr'><strong>his,</strong></span> <span class='ocrx_word' id='word_1_138' title='bbox 400 2478 477 2543; x_wconf 88' lang='lat' dir='ltr'><strong>quas</strong></span> <span class='ocrx_word' id='word_1_139' title='bbox 503 2460 690 2545; x_wconf 87' lang='lat' dir='ltr'><strong>scriptorum</strong></span> <span class='ocrx_word' id='word_1_140' title='bbox 717 2479 843 2524; x_wconf 83' lang='lat' dir='ltr'><strong>suorum</strong></span> <span class='ocrx_word' id='word_1_141' title='bbox 875 2459 1020 2523; x_wconf 88' lang='lat' dir='ltr'><strong>libertate</strong></span> <span class='ocrx_word' id='word_1_142' title='bbox 1069 2529 1072 2531; x_wconf 40' lang='grc'><strong>,</strong></span> 
     </span>
     <span class='ocr_line' id='line_1_23' title="bbox 79 2548 1021 2643; baseline -0.001 -22"><span class='ocrx_word' id='word_1_143' title='bbox 79 2557 252 2631; x_wconf 83' lang='lat' dir='ltr'><strong>contraxit,</strong></span> <span class='ocrx_word' id='word_1_144' title='bbox 276 2573 393 2640; x_wconf 78' lang='lat' dir='ltr'><strong>magne</strong></span> <span class='ocrx_word' id='word_1_145' title='bbox 418 2556 551 2618; x_wconf 85' lang='lat' dir='ltr'><strong>accessit</strong></span> <span class='ocrx_word' id='word_1_146' title='bbox 573 2557 607 2619; x_wconf 93' lang='lat' dir='ltr'><strong>in</strong></span> <span class='ocrx_word' id='word_1_147' title='bbox 627 2548 786 2643; x_wconf 85' lang='lat' dir='ltr'><strong>republica</strong></span> <span class='ocrx_word' id='word_1_148' title='bbox 806 2553 960 2620; x_wconf 76' lang='lat' dir='ltr'><strong>dissensih</strong></span> <span class='ocrx_word' id='word_1_149' title='bbox 982 2578 1021 2620; x_wconf 89' lang='lat' dir='ltr'><strong>ac</strong></span> 
     </span>
     <span class='ocr_line' id='line_1_24' title="bbox 78 2649 1022 2740; baseline 0 -23"><span class='ocrx_word' id='word_1_150' title='bbox 78 2649 238 2717; x_wconf 90' lang='lat' dir='ltr'><strong>contentio</strong></span> <span class='ocrx_word' id='word_1_151' title='bbox 263 2673 334 2726; x_wconf 90' lang='lat' dir='ltr'><strong>cum</strong></span> <span class='ocrx_word' id='word_1_152' title='bbox 364 2649 530 2716; x_wconf 77' lang='lat' dir='ltr'><strong>Theocrito</strong></span> <span class='ocrx_word' id='word_1_153' title='bbox 563 2651 651 2731; x_wconf 76' lang='lat' dir='ltr'><strong>Otto,</strong></span> <span class='ocrx_word' id='word_1_154' title='bbox 667 2652 696 2736; x_wconf 87' lang='lat'><strong>³)</strong></span> <span class='ocrx_word' id='word_1_155' title='bbox 721 2656 774 2740; x_wconf 87' lang='lat' dir='ltr'><strong>qui</strong></span> <span class='ocrx_word' id='word_1_156' title='bbox 801 2655 925 2740; x_wconf 82' lang='lat' dir='ltr'><strong>etipse</strong></span> <span class='ocrx_word' id='word_1_157' title='bbox 952 2652 1022 2717; x_wconf 85' lang='lat' dir='ltr'><strong>lso·</strong></span> 
     </span>
     <span class='ocr_line' id='line_1_25' title="bbox 79 2747 1020 2838; baseline 0.001 -24"><span class='ocrx_word' id='word_1_158' title='bbox 79 2752 215 2815; x_wconf 86' lang='lat' dir='ltr'><strong>creticae</strong></span> <span class='ocrx_word' id='word_1_159' title='bbox 238 2747 421 2834; x_wconf 87' lang='lat' dir='ltr'><strong>disciplinae</strong></span> <span class='ocrx_word' id='word_1_160' title='bbox 449 2748 610 2828; x_wconf 86' lang='lat' dir='ltr'><strong>alumnus,</strong></span> <span class='ocrx_word' id='word_1_161' title='bbox 634 2770 688 2814; x_wconf 86' lang='lat' dir='ltr'><strong>eas</strong></span> <span class='ocrx_word' id='word_1_162' title='bbox 709 2763 815 2838; x_wconf 87' lang='lat' dir='ltr'><strong>partes</strong></span> <span class='ocrx_word' id='word_1_163' title='bbox 835 2751 952 2816; x_wconf 87' lang='lat' dir='ltr'><strong>fovisse</strong></span> <span class='ocrx_word' id='word_1_164' title='bbox 971 2751 1020 2815; x_wconf 85' lang='lat' dir='ltr'><strong>vi·</strong></span> 
     </span>
    </p>
   </div>
   <div class='ocr_carea' id='block_1_3' title="bbox 146 3063 676 3140">
    <p class='ocr_par' dir='ltr' id='par_1_3' title="bbox 146 3063 676 3140">
     <span class='ocr_line' id='line_1_26' title="bbox 146 3063 676 3140; baseline 0.002 -17"><span class='ocrx_word' id='word_1_165' title='bbox 146 3071 172 3136; x_wconf 83' lang='grc' dir='ltr'><strong>Ι)</strong></span> <span class='ocrx_word' id='word_1_166' title='bbox 191 3063 297 3124; x_wconf 81' lang='lat' dir='ltr'><strong>Theon.</strong></span> <span class='ocrx_word' id='word_1_167' title='bbox 312 3086 456 3140; x_wconf 84' lang='lat' dir='ltr'><strong>progymn.</strong></span> <span class='ocrx_word' id='word_1_168' title='bbox 476 3086 502 3139; x_wconf 89' lang='lat' dir='ltr'><strong>p.</strong></span> <span class='ocrx_word' id='word_1_169' title='bbox 521 3068 566 3124; x_wconf 73' lang='lat'><strong>77.</strong></span> <span class='ocrx_word' id='word_1_170' title='bbox 584 3072 676 3137; x_wconf 63' lang='lat' dir='ltr'><strong>cam.</strong></span> 
     </span>
    </p>
   </div>
   <div class='ocr_carea' id='block_1_4' title="bbox 73 3161 1033 3648">
    <p class='ocr_par' dir='ltr' id='par_1_4' title="bbox 73 3161 1033 3648">
     <span class='ocr_line' id='line_1_27' title="bbox 145 3161 1019 3241; baseline 0.002 -15"><span class='ocrx_word' id='word_1_171' title='bbox 145 3169 172 3236; x_wconf 73' lang='grc'><strong>2)</strong></span> <span class='ocrx_word' id='word_1_172' title='bbox 191 3171 336 3226; x_wconf 83' lang='lat' dir='ltr'><strong>Sozomeu.</strong></span> <span class='ocrx_word' id='word_1_173' title='bbox 353 3173 426 3225; x_wconf 85' lang='lat' dir='ltr'><strong>Hist.</strong></span> <span class='ocrx_word' id='word_1_174' title='bbox 444 3170 518 3225; x_wconf 85' lang='lat' dir='ltr'><strong>Eccl.</strong></span> <span class='ocrx_word' id='word_1_175' title='bbox 537 3173 569 3225; x_wconf 84' lang='lat' dir='ltr'><strong>L.</strong></span> <span class='ocrx_word' id='word_1_176' title='bbox 586 3161 607 3225; x_wconf 83' lang='lat'><strong>1‘.</strong></span> <span class='ocrx_word' id='word_1_177' title='bbox 631 3188 657 3241; x_wconf 92' lang='lat' dir='ltr'><strong>p.</strong></span> <span class='ocrx_word' id='word_1_178' title='bbox 674 3170 736 3227; x_wconf 78' lang='grc'><strong>394.</strong></span> <span class='ocrx_word' id='word_1_179' title='bbox 753 3173 785 3226; x_wconf 90' lang='grc' dir='ltr'><strong>Β.</strong></span> <span class='ocrx_word' id='word_1_180' title='bbox 811 3173 853 3226; x_wconf 87' lang='lat' dir='ltr'><strong>ed.</strong></span> <span class='ocrx_word' id='word_1_181' title='bbox 870 3171 963 3227; x_wconf 81' lang='lat' dir='ltr'><strong>Vates.</strong></span> <span class='ocrx_word' id='word_1_182' title='bbox 986 3168 1019 3229; x_wconf 80' lang='grc' dir='ltr'><strong>οὔ</strong></span> 
     </span>
     <span class='ocr_line' id='line_1_28' title="bbox 78 3243 1033 3324; baseline 0.001 -18"><span class='ocrx_word' id='word_1_183' title='bbox 78 3253 196 3308; x_wconf 74' lang='grc' dir='ltr'><strong>τοιοῦτοι</strong></span> <span class='ocrx_word' id='word_1_184' title='bbox 214 3253 339 3322; x_wconf 88' lang='lat' dir='ltr'><strong>(qualern</strong></span> <span class='ocrx_word' id='word_1_185' title='bbox 364 3268 394 3305; x_wconf 87' lang='lat' dir='ltr'><strong>se</strong></span> <span class='ocrx_word' id='word_1_186' title='bbox 418 3251 591 3306; x_wconf 82' lang='lat' dir='ltr'><strong>Theodosius</strong></span> <span class='ocrx_word' id='word_1_187' title='bbox 615 3243 682 3322; x_wconf 79' lang='lat' dir='ltr'><strong>imp.</strong></span> <span class='ocrx_word' id='word_1_188' title='bbox 706 3269 773 3322; x_wconf 83' lang='lat' dir='ltr'><strong>erge</strong></span> <span class='ocrx_word' id='word_1_189' title='bbox 790 3256 938 3322; x_wconf 85' lang='lat' dir='ltr'><strong>scriptores</strong></span> <span class='ocrx_word' id='word_1_190' title='bbox 957 3270 1018 3324; x_wconf 84' lang='lat' dir='ltr'><strong>ges·</strong></span> <span class='ocrx_word' id='word_1_191' title='bbox 1030 3278 1033 3287; x_wconf 63' lang='lat'><strong><em>¹</em></strong></span> 
     </span>
     <span class='ocr_line' id='line_1_29' title="bbox 80 3328 1022 3408; baseline 0.003 -21"><span class='ocrx_word' id='word_1_192' title='bbox 80 3336 134 3398; x_wconf 80' lang='lat' dir='ltr'><strong>sit)</strong></span> <span class='ocrx_word' id='word_1_193' title='bbox 161 3335 273 3408; x_wconf 77' lang='grc' dir='ltr'><em>Κρητῶν</em></span> <span class='ocrx_word' id='word_1_194' title='bbox 303 3329 331 3386; x_wconf 79' lang='lat' dir='ltr'><strong>oi</strong></span> <span class='ocrx_word' id='word_1_195' title='bbox 354 3328 438 3386; x_wconf 73' lang='grc' dir='ltr'>πάλαι</span> <span class='ocrx_word' id='word_1_196' title='bbox 466 3333 586 3405; x_wconf 77' lang='grc' dir='ltr'><strong>ἐγένοντο</strong></span> <span class='ocrx_word' id='word_1_197' title='bbox 609 3332 681 3405; x_wconf 78' lang='grc' dir='ltr'><strong><em>περὶ·</em></strong></span> <span class='ocrx_word' id='word_1_198' title='bbox 697 3331 743 3387; x_wconf 82' lang='grc' dir='ltr'><strong>τὸν</strong></span> <span class='ocrx_word' id='word_1_199' title='bbox 770 3330 896 3403; x_wconf 77' lang='grc' dir='ltr'><strong>ιιῗοίὁιμον</strong></span> <span class='ocrx_word' id='word_1_200' title='bbox 921 3337 1022 3390; x_wconf 60' lang='lat' dir='ltr'><strong>&amp;seiros</strong></span> 
     </span>
     <span class='ocr_line' id='line_1_30' title="bbox 73 3409 1020 3514; baseline 0 -44"><span class='ocrx_word' id='word_1_201' title='bbox 73 3411 203 3488; x_wconf 72' lang='grc' dir='ltr'><em>Ὅμηρον,</em></span> <span class='ocrx_word' id='word_1_202' title='bbox 221 3409 394 3483; x_wconf 72' lang='grc' dir='ltr'><strong>ἢἎλευάδαι</strong></span> <span class='ocrx_word' id='word_1_203' title='bbox 412 3411 644 3487; x_wconf 68' lang='lat' dir='ltr'><strong>neptupavttp,</strong></span> <span class='ocrx_word' id='word_1_204' title='bbox 667 3410 876 3514; x_wconf 69' lang='grc' dir='ltr'><strong>ἢΔιονύσιοςρ</strong></span> <span class='ocrx_word' id='word_1_205' title='bbox 895 3416 1020 3478; x_wconf 69' lang='grc' dir='ltr'><strong>Σικελίας</strong></span> 
     </span>
     <span class='ocr_line' id='line_1_31' title="bbox 77 3491 1021 3569; baseline 0.003 -20"><span class='ocrx_word' id='word_1_206' title='bbox 77 3493 206 3568; x_wconf 73' lang='grc' dir='ltr'><strong>τύραννος</strong></span> <span class='ocrx_word' id='word_1_207' title='bbox 220 3513 283 3569; x_wconf 75' lang='lat' dir='ltr'><strong>traps</strong></span> <span class='ocrx_word' id='word_1_208' title='bbox 272 3491 468 3550; x_wconf 76' lang='grc' dir='ltr'><strong><em>Πλάτωνα</em></strong></span> <span class='ocrx_word' id='word_1_209' title='bbox 441 3514 490 3550; x_wconf 76' lang='grc' dir='ltr'><strong>τον</strong></span> <span class='ocrx_word' id='word_1_210' title='bbox 507 3492 668 3568; x_wconf 75' lang='grc' dir='ltr'><strong><em>Σωκράτους</em></strong></span> <span class='ocrx_word' id='word_1_211' title='bbox 687 3492 840 3566; x_wconf 65' lang='lat' dir='ltr'><strong>irotipou,’¹</strong></span> <span class='ocrx_word' id='word_1_212' title='bbox 821 3517 838 3564; x_wconf 80' lang='grc' dir='ltr'><em>η</em></span> <span class='ocrx_word' id='word_1_213' title='bbox 856 3482 1021 3561; x_wconf 59' lang='lat' dir='ltr'><strong>mucoso</strong></span> 
     </span>
     <span class='ocr_line' id='line_1_32' title="bbox 78 3572 719 3648; baseline -0.006 -16"><span class='ocrx_word' id='word_1_214' title='bbox 78 3573 214 3632; x_wconf 73' lang='grc' dir='ltr'><strong>Μακεδὼν</strong></span> <span class='ocrx_word' id='word_1_215' title='bbox 231 3572 293 3648; x_wconf 79' lang='grc' dir='ltr'><strong>περὶ</strong></span> <span class='ocrx_word' id='word_1_216' title='bbox 313 3573 474 3648; x_wconf 78' lang='grc' dir='ltr'>θεόπομπον</span> <span class='ocrx_word' id='word_1_217' title='bbox 488 3572 534 3632; x_wconf 78' lang='grc' dir='ltr'><strong>τὸν</strong></span> <span class='ocrx_word' id='word_1_218' title='bbox 550 3572 719 3648; x_wconf 72' lang='grc' dir='ltr'><strong><em>συγγραφέα.</em></strong></span> 
     </span>
    </p>
   </div>
   <div class='ocr_carea' id='block_1_5' title="bbox 78 3671 1018 3827">
    <p class='ocr_par' dir='ltr' id='par_1_5' title="bbox 78 3671 1018 3827">
     <span class='ocr_line' id='line_1_33' title="bbox 130 3671 1018 3750; baseline 0.002 -20"><span class='ocrx_word' id='word_1_219' title='bbox 130 3673 179 3742; x_wconf 82' lang='grc'><strong>,3)</strong></span> <span class='ocrx_word' id='word_1_220' title='bbox 197 3675 287 3730; x_wconf 80' lang='lat' dir='ltr'><strong>strab.</strong></span> <span class='ocrx_word' id='word_1_221' title='bbox 305 3675 378 3744; x_wconf 76' lang='lat' dir='ltr'><strong>xlv,</strong></span> <span class='ocrx_word' id='word_1_222' title='bbox 397 3678 422 3734; x_wconf 91' lang='lat' dir='ltr'><strong>l.</strong></span> <span class='ocrx_word' id='word_1_223' title='bbox 437 3696 465 3750; x_wconf 90' lang='lat' dir='ltr'><strong>p.</strong></span> <span class='ocrx_word' id='word_1_224' title='bbox 479 3675 542 3736; x_wconf 78' lang='lat'><strong>183.</strong></span> <span class='ocrx_word' id='word_1_225' title='bbox 560 3677 675 3742; x_wconf 68' lang='lat' dir='ltr'><strong>suino.</strong></span> <span class='ocrx_word' id='word_1_226' title='bbox 691 3693 717 3733; x_wconf 82' lang='lat' dir='ltr'><strong>r.</strong></span> <span class='ocrx_word' id='word_1_227' title='bbox 744 3676 855 3734; x_wconf 83' lang='lat' dir='ltr'><strong>Jousius</strong></span> <span class='ocrx_word' id='word_1_228' title='bbox 871 3679 906 3736; x_wconf 84' lang='lat' dir='ltr'><strong>do</strong></span> <span class='ocrx_word' id='word_1_229' title='bbox 919 3671 1018 3748; x_wconf 80' lang='lat' dir='ltr'><strong>Script.</strong></span> 
     </span>
     <span class='ocr_line' id='line_1_34' title="bbox 78 3756 462 3827; baseline 0.01 -13"><span class='ocrx_word' id='word_1_230' title='bbox 78 3759 153 3814; x_wconf 78' lang='lat' dir='ltr'><strong>litet.</strong></span> <span class='ocrx_word' id='word_1_231' title='bbox 168 3756 272 3814; x_wconf 71' lang='lat' dir='ltr'><strong>Philon.</strong></span> <span class='ocrx_word' id='word_1_232' title='bbox 288 3756 310 3824; x_wconf 85' lang='lat'><strong>1,</strong></span> <span class='ocrx_word' id='word_1_233' title='bbox 329 3759 356 3816; x_wconf 79' lang='lat'><strong>9.</strong></span> <span class='ocrx_word' id='word_1_234' title='bbox 370 3759 418 3827; x_wconf 85' lang='lat' dir='ltr'><strong>lv,</strong></span> <span class='ocrx_word' id='word_1_235' title='bbox 436 3759 462 3818; x_wconf 77' lang='grc'><strong>3.</strong></span> 
     </span>
    </p>
   </div>
   <div class='ocr_carea' id='block_1_6' title="bbox 0 0 1275 4658">
    <p class='ocr_par' dir='ltr' id='par_1_6' title="bbox 0 0 1275 4658">
     <span class='ocr_line' id='line_1_35' title="bbox 0 0 1275 4658; baseline 0 0"><span class='ocrx_word' id='word_1_236' title='bbox 0 0 1275 4658; x_wconf 95' lang='lat' dir='ltr'><strong> </strong></span> 
     </span>
    </p>
   </div>
  </div>
 </body>
</html>
