2534 4658
533 360 740 427 -32,

167 527 274 608 detur,
313 550 393 616 quae
424 526 610 596 Alexandro
646 524 816 593 Macedoni
854 526 1111 594 adversabantur.

167 623 277 712 ltaque
297 637 330 690 et
348 621 572 702 Aristotelem,
594 621 689 689 huius
709 637 963 712 praeceptorem,
989 628 1113 689 notarit

165 725 411 808 epigrammate,
431 723 520 785 cuius
539 733 660 808 partem
680 720 844 807 Diogenes
865 722 974 787 Laert.
996 720 1040 799 V,
1059 723 1111 785 11.

163 832 285 905 partem
305 816 489 884 Plutarchus
507 817 546 881 de
565 817 680 882 exsilio
708 815 801 883 Tom.
818 815 863 882 X.
888 816 1110 906 petaliae.

163 919 317 994 servarit,
337 896 495 1001 integrum
513 913 644 980 exhibet
662 913 779 980 Eureb.
797 915 834 981 Ρ.
856 938 879 979 ε.
897 913 977 997 XV,
995 918 1025 981 1.

241 1039 377 1130 Ἑρμείου
393 1043 532 1130 εὐνούχου
549 1042 592 1108 id'
606 1042 770 1132 Εὐβούλου
787 1045 849 1130 ἅμα
867 1045 981 1112 δούλου

311 1145 404 1226 Σῆμα
424 1141 510 1209 κενὸν
529 1139 680 1228 κενόφρων
700 1145 797 1220 τεῦξεν
815 1141 1032 1230 Ἀριοτοτείης,

240 1235 294 1315 Ὃς
310 1238 364 1323 Ιιίιιίι
383 1241 437 1322 τὴν
454 1239 570 1325 ἀκρατῆ
587 1239 718 1323 γαστρὸς
736 1237 823 1321 φύσιν
839 1239 931 1305 εἵλετό
950 1243 1059 1305 ναίεινΙ

260 1325 263 1334 ’
310 1333 396 1401 Ἀντ’
414 1333 609 1420 ’Λαοδαμείας
631 1335 796 1424 Βορβόρου
819 1337 851 1403 ἒν
870 1345 1023 1423 προχοαῖς.

164 1469 452 1561 ΕερΑιιειιείιιιοιιαιιι
472 1471 741 1558 Lampsacenum,
761 1493 805 1536 ex
826 1471 937 1537 eadem
957 1468 1107 1536 Isocratis

161 1560 254 1633 do'mo
288 1569 478 1657 profectum,
515 1569 711 1656 eundemque
741 1568 918 1634 Alexandri
949 1569 1107 1645 comitem,

160 1667 332 1731 insectatus
351 1679 408 1730 est.
450 1661 606 1731 Stobaeue
627 1664 729 1730 Serm.
742 1663 902 1730 XXXVI.
923 1688 954 1753 p.
967 1662 1040 1743 217,
1052 1659 1105 1729 44.

162 1760 259 1826 Gesn.
303 1760 462 1846 Θεόκριτος
479 1758 678 1845 Ἀναξιμένους
703 1759 797 1843 ίέμειν
815 1759 983 1848 pellerent,
1003 1760 1106 1846 ’Ἀρχε-

160 1881 228 1938 ται,
259 1855 334 1938 εἶπε,
366 1855 473 1933 λέξεων
498 1852 550 1940 μὲν
587 1855 740 1941 ποταμὸς,
775 1864 831 1923 νοῦ
859 1855 892 1921 δὲ
925 1854 1104 1940 σταλαγμός.

160 1955 276 2020 Athen.
297 1956 381 2044 Epit.
402 1956 442 2021 L.
464 1953 489 2020 Ι.
508 1977 540 2042 p.
554 1955 643 2019 2l.c.
678 1953 849 2038 Ἕρμιππος
870 1953 905 2018 δέ
922 1977 1007 2038 φησι,
1027 1952 1104 2018 Θεό-

159 2074 259 2137 κριτον
280 2051 332 2115 τὸν
351 2056 435 2114 Χῖον
459 2048 500 2125 ὡς
520 2049 699 2116 ἀπαίδευτον
725 2051 896 2135 μέμφεσθαι
921 2049 975 2134 τὴν
991 2049 1104 2126 Ἀναξι-

158 2149 263 2230 μένους
282 2143 447 2234 ιιεριβολήν.
487 2148 529 2213 Et
544 2149 604 2212 fuit
624 2152 752 2215 omnino
772 2149 866 2214 dicax
886 2147 982 2214 homo
1000 2161 1033 2212 et
1052 2150 1104 2213 in·

158 2238 321 2330 geniosua.
364 2243 454 2310 Stoh.
480 2244 581 2310 Serm.
604 2242 754 2309 CXXIII.
781 2269 813 2331 p.
836 2242 908 2324 617,
929 2241 981 2309 49.
1004 2241 1109 2310 Geen.

161 2337 322 2425 Θεόκριτος
348 2341 379 2404 έν
412 2340 585 2426 περιδείπνῳ
622 2345 680 2406 τοῦ
710 2346 894 2408 πενθοῦντος
930 2336 1103 2426 λαιμάργως

157 2437 332 2518 ἐσθίοντος,
356 2435 463 2524 Θάρρει
484 2435 624 2522 (lahorem,
649 2433 741 2502 εἶπεν·
767 2437 803 2502 οὐ
828 2435 878 2502 ool
895 2432 976 2520 μόνῳ
1002 2440 1102 2500 ταῦτα

156 2535 279 2612 μέμονεν.
320 2536 408 2600 Idem
428 2536 603 2614 dicterium,
621 2535 677 2599 sed
702 2533 809 2622 paullo
832 2531 1033 2601 immutatum¹
1049 2557 1102 2600 re·

156 2636 218 2699 fert
236 2634 421 2699 Athenaeus
442 2634 482 2699 L.
503 2630 591 2696 VIII.
611 2655 643 2722 p.
665 2629 737 2698 344.
755 2631 794 2715 Β.
833 2633 1006 2710 Gesnerus,
1027 2629 1102 2710 „Io-

157 2753 230 2810 αυτ,
251 2735 314 2809 ait,
334 2731 434 2795 estin
460 2728 674 2814 ambiguitate.
715 2727 798 2794 Nam
816 2727 915 2794 verba
933 2731 1005 2819 ista,
1024 2726 1112 2819 Non*

156 2831 197 2894 ad
217 2842 248 2893 te
266 2827 367 2893 solum
385 2825 466 2890 haec
485 2829 658 2913 pertinent,
691 2823 733 2891 ad
760 2827 939 2890 convivium
959 2846 1100 2889 commu·

155 2946 215 3002 ue,
240 2937 307 2988 tum
328 2923 369 2987 ad
394 2925 727 3006 communemmortis
756 2923 967 2987 conditionem
986 2920 1099 2985 referri

154 3027 314 3108 poscunt.”
348 3017 462 3082 Recte:
484 3010 533 3082 eut
548 3021 632 3084 enim
651 3021 751 3085 oratio
766 3017 1003 3084 consolantium.
1040 3015 1100 3081 Ci-

154 3140 226 3183 cero
246 3115 343 3182 Tusc.
361 3114 453 3203 Disp.
466 3114 522 3194 111,
536 3115 587 3179 33.
624 3114 679 3182 Ne
701 3117 759 3181 illa
779 3115 903 3202 quidem
923 3115 1097 3178 consolatio

143 3213 331 3298 firmneimo
345 3220 404 3288 eet,
425 3233 610 3298 quamquam
621 3222 658 3278 et
668 3218 791 3279 oritate
802 3219 852 3276 ert
862 3218 897 3274 et
910 3230 1010 3295 coepe
1016 3231 1099 3295 pro·

153 3311 243 3374 dect:
284 3302 670 3376 Nontidc'ltocrolt'.
715 3305 857 3377 Similem
884 3328 928 3371 ex
946 3307 1098 3393 ambiguo,

151 3404 255 3471 lusum
280 3406 421 3470 eiusdem
450 3406 547 3470 refert
572 3405 756 3472 Athenaeus
785 3400 806 3470 l.
828 3425 855 3469 o.
896 3403 966 3466 Τοῦ
986 3399 1018 3465 d'
1039 3399 1097 3464 cd·

151 3507 209 3566 τοῦ
230 3500 387 3585 (Dioclem
409 3501 589 3566 helluonem
615 3503 701 3587 dicit)
731 3499 783 3566 καί
808 3499 862 3564 τὸν
882 3495 976 3583 ἆμρὸν
998 3519 1098 3560 κατα-

152 3595 343 3684 βεβρωκὸτος
364 3600 403 3671 εἰς
426 3596 620 3680 ὀψοφαγίαν,
649 3595 746 3678 ἐπειδὴ
773 3590 887 3678 θερμόν
907 3615 981 3659 ποτε
1000 3613 1099 3657 κατα-

153 3697 318 3782 βροχθίσας
350 3696 437 3777 ἰχθῦν
467 3693 560 3777 ἔφησε
595 3693 662 3758 τὸν
696 3689 863 3774 οὐρανὸν
892 3694 1095 3756 κατακεκαῦσ-

152 3802 225 3858 θαι·
247 3791 383 3874 Λοιπὸν,
402 3791 523 3874 ἔφησεν,
542 3792 634 3871 ἐστίν,
660 3787 679 3854 ὁ
701 3788 876 3878 Θεόκριτος,
895 3789 946 3856 σοί
971 3786 1022 3852 καί
1040 3785 1096 3869 τὴν

1025 3881 1092 3948 θοί-
