2534 4658
537 391 745 458 -16..

168 561 252 629 bello
273 560 383 628 sociali
408 559 554 648 (Olymp.
573 559 645 638 CV,
665 559 716 648 3.)
740 558 861 626 auxilia
884 561 1010 626 misisse
1037 567 1115 626 t'rar·

168 665 287 726 settin
312 666 374 748 quo
400 659 649 723 consentientem
674 656 771 723 habet
795 656 1042 722 Demosthenem
1070 657 1140 735 ‹te-

167 781 236 846 pae.
257 781 288 846 p.
308 757 359 822 63.
379 755 418 820 de
437 754 541 819 Rhod.
559 752 613 820 lib.
626 772 665 843 p.
686 754 757 820 tet.
779 753 850 820 coll.
870 751 986 818 Liban.
1004 751 1113 818 inhr-

166 879 252 943 gnm.
273 856 314 919 ei.
334 853 423 917 Orat.
443 853 569 939 p.·t90.
624 907 626 910 .

250 951 316 1015 Sed
333 952 483 1036 quoniam
508 946 735 1035 Theopompus
762 961 903 1036 patrem,
926 945 1113 1013 Laconissni

166 1050 296 1114 crimine
317 1046 515 1124 domomum,
540 1048 575 1110 in
602 1046 750 1113 exsilium
776 1057 926 1132 sequutus
943 1063 1015 1106 esse
1032 1043 1113 1108 dici·

166 1160 233 1223 tur,
262 1143 442 1221 videamus,
469 1162 532 1229 quo
551 1154 691 1229 tempore
714 1144 749 1208 id
768 1143 884 1207 lactum
901 1161 974 1204 esse
994 1137 1112 1225 probe-

166 1242 229 1307 bile
250 1242 303 1306 sit.
349 1238 457 1328 Ipsum
485 1240 610 1326 quidem
634 1242 765 1317 crimen,
789 1259 852 1326 quo
880 1238 1018 1303 concidit
1039 1235 1111 1301 Da-

164 1340 391 1414 masistrntus,
409 1336 564 1400 eiusmodi
593 1349 658 1415 est,
687 1349 723 1400 nt
748 1339 783 1403 in
810 1358 851 1401 ee
883 1347 1004 1399 tuntum
1028 1347 1111 1398 tern-

164 1458 242 1522 pora
262 1433 402 1500 incidere
423 1433 577 1520 potuerit,
603 1430 717 1519 quibus
744 1434 784 1498 de
808 1433 985 1519 principatu
1006 1428 1120 1494 Grae·

164 1537 232 1598 ciae
250 1530 498 1598 Lacedaemonii
516 1541 681 1592 certarent.
720 1524 791 1604 ¹Qui
808 1549 904 1616 quum
922 1548 1048 1592 omnem
1066 1525 1109 1589 il-

162 1629 226 1693 lnm
246 1628 510 1701 controversiam,
535 1623 607 1711 plus
632 1620 732 1690 LXX
753 1628 845 1691 annis
869 1627 1010 1690 maxime
1029 1646 1109 1689 con·

163 1728 304 1790 tentione
330 1726 497 1809 agitatam,
530 1735 603 1809 post
627 1722 772 1809 Agesilai
797 1733 930 1807 mortem
957 1720 1108 1808 (Olymp.

163 1821 249 1900 CIV,
266 1819 315 1906 4.)
332 1822 523 1885 remiserint:
548 1832 680 1905 apparet
704 1818 925 1885 Damasistrati
945 1819 1107 1898 exsilium,

161 1919 244 2007 qnod
267 1919 411 2006 quidem,
436 1918 584 2004 quoniam
612 1912 852 2004 Theopompum
880 1915 982 1981 filiurn
1006 1919 1108 1982 conri-

161 2032 225 2082 tem
252 2015 380 2092 habuit,
407 2026 492 2078 certe
521 2032 585 2077 non
609 2014 697 2100 prius
716 2011 904 2098 Olympiade
931 2019 1106 2080 centesima

160 2135 232 2178 esse
248 2114 367 2200 potuit,
390 2112 474 2174 intro
498 2108 581 2174 hano
604 2112 707 2196 ipsum
733 2108 953 2197 Olympiadem
975 2124 1008 2176 et
1029 2133 1106 2177 cett·

161 2215 302 2275 terimam
328 2217 476 2296 quartm
500 2206 644 2270 accidere
671 2203 829 2270 debuisse.
876 2205 1017 2272 Fuerant
1045 2231 1106 2274 au·

160 2320 223 2370 tem
245 2304 318 2371 Chii
336 2305 410 2369 inde
436 2325 457 2369 a
482 2301 557 2367 belli
574 2301 835 2389 Peloponnesiaci
858 2304 1051 2391 temporibus
1066 2309 1105 2374 iu

159 2400 298 2489 partibus
327 2401 666 2475 Lacedaemoniorum
695 2421 754 2464 nec
779 2413 884 2465 tamen
905 2403 951 2486 ita
975 2401 1105 2471 illonuu

159 2520 195 2562 se
216 2499 394 2562 auctoritati
414 2511 447 2561 et
466 2499 599 2583 imperio
618 2497 821 2577 addixerant,
846 2512 1007 2564 utcontra
1026 2498 1103 2566 har·

158 2606 328 2658 mostarum
347 2597 542 2681 iniquitatem
563 2591 685 2658 hiscere
710 2615 775 2658 non
800 2595 963 2674 auderent.
1011 2594 1103 2674 Quo-

159 2693 242 2754 circa
266 2712 361 2778 qnnm
384 2695 512 2777 gravius
537 2693 571 2755 in
599 2691 666 2755 dies
691 2690 1015 2760 Lacedaemoniorum
1039 2698 1102 2789 im:

157 2789 279 2873 perium
306 2809 401 2873 aegre
426 2787 560 2866 iurent,
591 2787 717 2853 Cononi
739 2800 811 2874 post
829 2787 974 2855 Cnidium
997 2795 1101 2858 victo-

155 2886 235 2946 riam
254 2883 399 2970 (Olymp.
420 2881 542 2963 XCVI,
558 2883 609 2968 3.)
634 2882 754 2974 insoles
783 2884 884 2950 classe
912 2888 1041 2953 adeunti
1060 2911 1100 2955 se

156 2979 358 3045 tradiderunt.
377 2983 406 3065 ¹)
454 2979 520 3047 Sed
545 3002 609 3046 non
632 2981 730 3047 multo
748 2996 821 3070 post
846 3006 917 3048 cum
933 2985 1101 3051 Lacedae-

154 3078 270 3142 moniis
292 3076 438 3142 ridentur
462 3080 496 3142 in
523 3081 657 3164 gratiam
683 3080 825 3144 rediisse.
866 3079 995 3146 Interim
1013 3081 1100 3148 Cad-

153 3193 244 3237 tueae
265 3194 286 3237 a
302 3173 463 3239 Phoebida
484 3186 655 3261 occupatae
681 3177 798 3243 iniuria
820 3179 916 3243 totius
940 3177 1099 3245 Graeciae

154 3269 401 3354 indignationem
420 3285 572 3336 moverat.
612 3270 721 3361 Itaque
741 3296 836 3361 quum
856 3273 1013 3354 Thebani,
1034 3276 1098 3342 Pe·

152 3364 260 3451 lopida
274 3366 375 3446 duce,
394 3365 569 3432 libertatem
588 3385 843 3456 recuperassent,
871 3385 903 3436 et
919 3358 1097 3439 Athenien·

153 3458 205 3527 shs
231 3464 419 3550 imprudenti
449 3463 642 3553 Sphodriae,
676 3466 883 3555 Thespiensis
904 3468 1096 3551 harmostue,

152 3562 332 3627 incursione
352 3563 466 3628 offensi
485 3585 544 3630 nec
566 3564 631 3628 iam
658 3563 796 3630 occultas
820 3564 971 3631 adversus
990 3566 1095 3633 Lace-

937 3703 941 3713 ·
1015 3666 1097 3730 dae-

219 3931 248 4000 ¹)
264 3932 346 3988 Diod.
366 3932 421 3990 Sic.
440 3933 513 4001 XIV,
533 3931 576 3993 et.
