2534 4658
523 362 734 426 ..6-

160 533 335 608 bitatione
358 507 527 632 expedii,
551 544 588 605 ct
610 555 691 606 rem
718 512 897 607 eiusmodi
916 518 1024 630 elegi,
1057 536 1106 610 de

162 680 235 754 qua
271 656 464 755 postremis
507 655 581 730 illis
626 653 937 754 acerbissimisque
975 658 1105 734 diebus

159 779 317 851 multum
346 788 511 850 nostrum
540 798 746 850 sermonem
773 779 885 852 luisse
917 783 1105 856 meminis-

160 921 249 973 sem.
298 897 423 971 Prodit
443 899 571 992 igitur,
603 920 697 994 quae
720 896 947 997 'libialiqua
967 905 1105 978 veteris

70 1061 72 1066 ·
160 1018 430 1093 consuetudinis
458 1029 548 1090 nota
577 1017 805 1109 blandiatur,
845 1032 882 1093 et
911 1021 1029 1096 'l'uam
1059 1027 1104 1096 il-

159 1143 234 1213 lam
256 1140 522 1214 humanitatem
552 1139 622 1212 sibi
643 1130 812 1239 eripetat,
844 1149 1104 1219 commentatio

160 1261 207 1336 de
227 1262 463 1362 Theopompo
486 1260 595 1336 Chio:
610 1263 718 1337 cuius
740 1262 897 1339 hominis
919 1265 966 1337 de
986 1269 1111 1343 virtu·

160 1385 255 1458 tibus
291 1386 344 1457 ita
380 1383 434 1456 'l'e
472 1380 634 1456 iudicare
670 1384 856 1476 intellexi,
889 1398 931 1461 ut
960 1391 1103 1465 consilii

158 1506 440 1579 meitrationem
475 1505 662 1602 explicare
695 1523 739 1578 ac
776 1504 974 1587 delendere
1010 1513 1113 1588 nibil.

159 1649 251 1725 opus
271 1651 352 1714 esse
373 1626 553 1702 videatur.
600 1626 697 1701 lllud
710 1649 855 1719 vereor,
876 1654 924 1703 ne
948 1633 982 1704 ei
996 1656 1102 1709 caus-

158 1770 233 1838 sae,
258 1750 359 1822 cuim
379 1749 522 1846 concepi
544 1750 797 1854 patrocinium,
825 1775 901 1827 non
927 1751 1102 1830 idoneam

157 1871 220 1945 vel
251 1869 551 1943 exercitationem
591 1869 654 1942 vel
683 1869 897 1947 facultatem
935 1877 1103 1951 attulisse

156 1991 296 2064 videar.
331 1987 429 2066 Nam
442 2012 508 2085 ego
525 2012 626 2080 sane,
649 1994 797 2071 tametsi
810 1995 892 2084 scis,
915 2018 1009 2092 quae
1032 2022 1102 2095 ego

157 2110 204 2185 de
230 2111 299 2187 hoc
329 2135 460 2208 genere
488 2112 692 2185 litterarum
725 2111 885 2208 quotidie
915 2139 1103 2196 commen-

156 2237 227 2308 tari
250 2236 400 2324 soleam,
429 2243 555 2307 tamen
575 2233 640 2326 illa
666 2234 845 2307 meliusne
876 2237 916 2310 in
936 2261 1020 2314 mea
1040 2266 1101 2317 so·

155 2356 308 2430 litudine
337 2354 561 2443 delitescant,
587 2377 637 2426 an
668 2355 709 2427 in
734 2355 852 2463 lucem
875 2360 1101 2456 emittantur,

154 2474 391 2552 vehementer
422 2498 533 2574 saepe
570 2474 707 2550 dubito.
766 2474 996 2576 Quamquam
1026 2507 1101 2581 qua

153 2598 210 2674 'l'u
232 2602 375 2674 ratione
407 2597 476 2672 boc
497 2619 621 2671 meum
649 2599 908 2694 munuscultun
931 2616 1099 2703 acceptu-

152 2744 216 2798 rus
248 2723 316 2811 sis,
350 2720 473 2794 minus
502 2741 634 2814 angor:
673 2704 834 2795 cetertun
867 2745 926 2796 res
954 2725 1098 2821 integra

154 2855 221 2935 est,
241 2865 310 2917 nec
331 2842 515 2940 prolecto,
543 2842 577 2914 si
607 2839 699 2914 haec
726 2839 817 2916 nibil
840 2820 959 2918 bonae
982 2848 1096 2944 frugis

152 2966 337 3040 continere
365 2962 602 3066 videbrmtur,
639 2972 758 3035 cetera
788 2966 922 3039 curabo
948 2966 1098 3043 domine

152 3111 202 3161 an
224 3087 311 3161 loris
341 3093 503 3183 pereant.
557 3082 616 3158 Tu
642 3106 731 3158 vera
764 3108 826 3159 me
855 3085 938 3160 Tibi
966 3092 1095 3184 gratis·

152 3209 236 3284 simi
271 3206 386 3280 animi
419 3226 530 3279 sensu
563 3203 772 3281 devinctum
811 3207 1096 3310 obstrictumque

151 3331 264 3405 velim
288 3328 489 3416 existimes,
508 3348 650 3423 meque,
668 3338 711 3401 ut
732 3328 834 3418 facis,
859 3354 971 3406 ames.

231 3503 333 3574 Scrib.
353 3504 487 3583 (ledani,
513 3523 629 3570 mense*
642 3503 773 3573 Octobri
792 3454 1072 3580 MDCCCXXVl.
1098 3552 1102 3560 ·
