2534 4658
524 398 732 460 ...23-

158 562 240 628 molo
261 560 337 626 belli
358 572 589 648 oppugnatum,
610 562 651 628 ne
671 564 750 630 clam
772 567 942 633 adiuvaret.
960 565 1004 651 ¹).
1028 564 1098 631 Hm

156 661 207 724 ius
227 660 339 724 domus
370 681 465 746 quum
493 672 667 725 ceterarum
695 684 799 728 rernm
822 666 920 750 copiis
945 675 1101 746 osseum-1
1191 690 1193 693 ’

158 758 337 827 notissima,
374 768 443 820 tum*
465 754 550 819 haud
577 758 729 843 exiguum
754 758 864 823 habuit
889 773 921 824 et
946 760 1040 825 decus
1068 772 1101 823 et

157 854 349 941 praesidium
371 873 570 916 numerosam
591 857 775 941 progeniem
796 856 975 921 liberorum.
1017 853 1099 919 Tres

157 954 243 1016 enim
268 949 396 1014 fuerunt
421 948 498 1026 filii,
530 946 713 1028 Mausolus,
738 949 879 1031 Idrieus,
904 950 1099 1027 Pixodarns3

157 1047 243 1114 filiae
267 1047 367 1123 duae,
389 1046 561 1111 Artemisia
586 1058 619 1111 et
644 1045 726 1111 Ada.
780 1041 843 1120 Qui
877 1069 986 1116 omnes
1011 1051 1099 1115 dein·

158 1166 231 1230 ceps
249 1154 482 1229 regnaverunt,
511 1153 547 1205 ut
574 1163 650 1205 vere
679 1145 849 1207 Artemisia
872 1143 911 1208 de
936 1166 972 1207 se
991 1157 1100 1231 posset

155 1241 356 1328 praedicare,
375 1237 460 1324 quod
479 1234 674 1316 Archedice,
692 1238 831 1327 Hippiae
848 1239 925 1320 filia,
945 1241 975 1326 2)

176 1375 220 1405 -τ
232 1331 347 1420 πατρός
365 1355 396 1396 τε
409 1331 461 1394 καὶ
479 1329 596 1414 ἀνδρὸς,
617 1331 754 1411 ἀδελφῶν
775 1333 809 1399 τ’
822 1327 899 1398 οὖσα
918 1331 1078 1415 τυράννων.

147 1436 283 1511 ¹Illorum
310 1431 484 1495 maximum
515 1444 590 1502 natu
619 1428 814 1510 Mausolum,
832 1494 835 1499 ,
850 1433 903 1517 qui
935 1444 996 1518 quo
1022 1446 1101 1496 tem·

156 1553 234 1621 pore
260 1531 343 1619 patri
365 1529 640 1600 successeritnon
666 1529 781 1615 liquet,
806 1549 940 1612 magnae
961 1541 1100 1613 satrapa-

156 1652 225 1695 rum
244 1624 442 1703 rebellionis,
471 1645 552 1709 quae
576 1623 636 1689 sub
661 1627 782 1694 exitum
801 1626 893 1707 regni
909 1625 1100 1688 Artaxerxis

156 1724 338 1790 Mnemonis
353 1721 435 1798 fuit,
460 1722 580 1784 socium
601 1733 822 1785 commemorat
843 1718 1003 1784 Diodorus
1022 1716 1100 1797 XV,

157 1823 208 1886 90.
229 1841 325 1906 quum
353 1816 477 1902 quidem
498 1838 570 1880 eum
590 1814 711 1879 πολλῶν
737 1812 890 1900 ἐρυμάτων
915 1815 967 1879 καὶ
983 1813 1100 1879 athos

157 1911 322 1991 ἀξιολόγων
341 1907 512 1995 κυριεύοντα
534 1912 626 1992 dicit,
654 1905 696 1975 ὦν
722 1910 821 1976 ἑστίαν
844 1909 896 1974 καὶ
919 1909 1101 1997 μητρόποὶυν

158 2013 321 2096 συνέβαινεν
348 2003 422 2071 εἶναι
448 2004 503 2088 τὴν
519 2003 769 2092 Ἁλικαρνασσόν,
794 2009 919 2091 ἔχουσαν
938 2005 1101 2091 ἀκρόπολιν

158 2107 321 2185 ἀξιόλογον
339 2104 390 2168 καὶ
408 2103 448 2168 τὰ
467 2101 522 2179 τῆς
539 2106 659 2189 Καρίας
677 2103 816 2188 βασίλεια.
832 2106 861 2190 3)
904 2104 1028 2171 Bellum
1047 2126 1099 2176 so·

109 2215 110 2218 ’
158 2206 238 2271 ciale
264 2228 283 2270 a
307 2202 457 2280 Rhodiis,
490 2200 597 2281 Chiis,
632 2201 709 2266 Cois
741 2215 774 2267 et
799 2201 961 2286 Byzantiis
990 2215 1100 2270 contre

157 2303 369 2367 Athenienses
379 2312 514 2385 gestum,
526 2298 766 2387 Olymp.CV,3.
776 2333 818 2347 -
829 2298 954 2384 Olymp.
962 2296 1047 2376 CVI,
1061 2298 1101 2376 1.,

159 2400 205 2464 illi
224 2398 387 2483 augendae
414 2397 573 2483 potentiae
599 2398 797 2462 occasionem
822 2396 916 2460 dedit.
965 2392 1048 2459 Nam
1069 2408 1101 2459 et

158 2495 288 2560 militem
313 2497 347 2557 in
375 2513 479 2556 arcem
499 2489 693 2556 Rhodiorum
718 2494 859 2570 induxit,
889 2503 922 2554 et
943 2493 1100 2576 optimati·

158 2590 218 2658 bus
248 2589 433 2677 quibasdam
462 2587 503 2650 ad
531 2588 734 2652 avertendum
759 2589 924 2672 imperium
949 2587 1101 2673 populare

159 2681 287 2774 operam
299 2687 470 2771 praestitit.
488 2683 519 2768 ⁴)
557 2683 798 2749 Atheniensium
819 2684 859 2747 ad
878 2705 950 2748 enm
969 2682 1104 2768 legatio·

160 2790 227 2862 nis,
253 2782 338 2847 haud
366 2781 459 2845 dnbio
487 2778 581 2845 huius
608 2778 683 2846 belli
708 2792 848 2866 tempore
876 2783 1009 2858 missae,
1033 2801 1101 2844 me-

159 2884 250 2946 minit
273 2877 513 2943 Demosthenes.
530 2878 559 2960 ς)
609 2875 661 2941 De
692 2879 801 2942 mortis
833 2898 951 2961 genere
983 2874 1101 2963 aliquid

160 2979 314 3065 suspicari
333 2995 500 3062 possumus
522 2996 565 3038 cx
586 2973 714 3040 Isocrat.
731 2971 865 3062 Philipp.
888 2977 917 3053 ἦ.
937 2972 1006 3036 103.
1030 2965 1101 3034 tot.

231 3305 258 3369 ¹)
282 3303 462 3372 Theopompus
481 3299 598 3369 Philipp.
615 3301 677 3355 Lib.
686 3302 746 3354 ΧΠ.
765 3317 809 3370 ap.
827 3300 906 3355 Phot.
917 3304 946 3356 c.
957 3299 1101 3354 CLXXVI.

161 3391 274 3443 lsocrat.
290 3386 391 3452 Paneg.
409 3380 458 3436 43.
486 3381 659 3449 niodxrv,
673 3381 719 3437 98.
752 3382 817 3447 XV,
829 3385 857 3436 2.

228 3487 254 3552 2)
275 3487 400 3555 rnueya
419 3460 530 3548 visto.

228 3587 256 3652 3)
274 3588 328 3641 cir.
344 3588 435 3641 Strab.
448 3583 521 3638 xlv.
538 3599 565 3652 p.
577 3584 642 3636 200.
671 3582 783 3638 Lucina.
795 3584 869 3638 Dial.
885 3584 968 3640 Mort.
982 3584 1080 3640 XXlV.

229 3687 256 3752 4)
277 3688 424 3742 Demosth:
438 3689 471 3741 dc
488 3685 576 3740 llhod.
595 3685 642 3739 lih.
659 3702 686 3756 p.
708 3685 770 3741 lot.
789 3686 850 3740 194.

233 3791 257 3856 5)
277 3807 300 3844 c.
317 3790 435 3845 Timocr.
454 3805 481 3858 p.
501 3785 565 3853 ⁷03,
582 3786 627 3844 21.
