2534 4658
467 374 674 439 «53.-

96 540 201 604 ἔοικεν·
222 539 348 628 καθαρά
364 539 422 624 γὰρ
444 537 463 621 ἡ
481 537 560 616 λέξις
580 539 632 605 καί
648 540 805 623 κοινηκαί
818 538 918 626 σαφής
939 565 970 607 τι
988 543 1039 608 καί

94 632 318 723 μεγαλοπρεπὴς
336 637 387 702 καί
407 636 444 701 τὸ
463 637 612 719 πομπικὸν
631 637 741 722 ἔχουσα
762 636 849 719 πσλά,
870 640 1038 721 συγκειμένη

93 757 126 796 τε
151 733 232 796 κατά
258 735 348 817 μέσην
373 732 535 817 άρμονίαν,
563 731 657 814 ἡδέως
679 735 730 799 καί
757 732 898 817 μαλακῶς
919 737 1038 819 ῥέουσα.

94 832 223 896 Eadem·
235 829 334 896 ferme
355 832 395 896 de
413 843 489 895 vett.
512 835 635 916 scripti.
652 856 737 918 oens.
757 830 831 898 Vol.
853 833 895 898 V.
914 857 944 920 p.
966 830 1041 904 429.

95 927 246 992 Similiter
264 927 412 992 Photius:
433 925 512 992 πολὺ
532 927 642 1012 γάρὲν
659 937 723 1002 τοῖς
743 925 925 1012 Θεοπόμπου
944 927 963 1011 ἡ
984 954 1039 992 κα-

94 1024 134 1087 τά
158 1026 276 1106 μίμησιν
300 1021 366 1086 ἰδέα
393 1029 454 1088 τῶν
480 1023 560 1110 παρ’
580 1021 747 1110 Ισοκράτει,
780 1027 806 1088 εἰ
832 1025 884 1089 καί
913 1023 1039 1114 λείπεται

94 1125 147 1202 τῆς
163 1118 241 1183 κατὰ
259 1118 312 1202 την
333 1120 473 1202 ἐργασίαν
499 1119 657 1206 ἀκριβείας.
705 1121 792 1211 ldenr
817 1123 975 1210 intelligas
995 1146 1039 1188 ex

96 1222 146 1296 iio,
175 1239 255 1304 qnae
282 1216 322 1279 de
350 1215 489 1282 Isocrate
508 1219 694 1298 scribuntur,
723 1241 766 1296 ne,
789 1221 894 1289 verbis
915 1226 1039 1311 quidem

96 1315 321 1401 discrepantia,
356 1314 439 1399 apud
464 1314 598 1399 Dionys.
634 1316 674 1380 de
702 1304 798 1380 lsotr.
823 1317 888 1381 ind.
907 1341 934 1382 o.
956 1322 1039 1383 2.,ῧ.

96 1412 188 1478 Phot.
217 1407 295 1476 Cod·
324 1408 486 1476 CCLXV.
519 1410 612 1478 Tom.
632 1411 673 1475 H.
704 1435 736 1498 p.
755 1409 827 1490 493,
849 1409 917 1483 24„
948 1413 1040 1478 Adde

96 1507 203 1572 Marx.
226 1505 392 1593 adEphor.
412 1531 443 1594 p.
458 1509 509 1572 36.
533 1508 670 1574 Goeller.
689 1509 729 1573 ad
746 1506 912 1575 Timaeum
928 1509 1039 1596 pren.

96 1606 177 1669 Cum
194 1603 254 1668 hoo
276 1607 420 1670 enirn-sic
437 1605 502 1670 iere
514 1603 659 1691 Ephorus
677 1617 709 1668 et
726 1602 1040 1692 Theopompusoon·

96 1705 279 1788 iunguntur,
299 1704 385 1765 utin
406 1724 446 1766 eo
465 1723 594 1787 genere,
620 1703 703 1788 quod
729 1690 859 1789 perfecit
875 1701 1041 1781 Isocrates,

96 1809 300 1894 praeceptore
328 1798 375 1862 illi
403 1799 528 1885 quidem
555 1798 736 1876 inferiores,
762 1798 818 1868 sed
841 1801 954 1862 noteris
972 1802 1041 1863 eins

96 1893 256 1979 discipulis
275 1897 519 1978 praestantiores
538 1893 737 1959 haberentur.
772 1894 949 1960 Menander
956 1894 1051 1973 Rhe·

98 2006 157 2070 tor,
183 1990 328 2055 laudatus
356 2014 376 2055 a
403 1988 532 2056 Marxio
556 2013 588 2078 p.
611 1987 659 2055 14.
688 1989 784 2074 ὥςπερ
806 1989 941 2074 Ἔφορος
963 1991 1049 2055 ἔστε.

98 2091 233 2168 φανοῦτο
264 2086 316 2149 καὶ
345 2083 533 2167 Θεόπομπος,
563 2088 594 2150 oi
618 2084 755 2168 μαθηταί
778 2084 981 2173 Ἰσοκράτους,
1001 2085 1042 2161 ὡς

97 2181 288 2269 διαφέροντες
314 2188 375 2248 τῶν
401 2182 522 2256 ἄλλων,
558 2183 611 2248 καί
637 2182 694 2266 γάρ
726 2181 904 2268 Ἰσοκράτης
937 2183 1042 2268 άρετης

97 2279 255 2367 προύτίθει
281 2288 345 2354 τοῖς
366 2279 501 2365 ἀρίστοις
519 2285 580 2346 τῶν
599 2280 759 2365 ἀκροατῶν
778 2277 858 2342 κατά
878 2282 956 2362 μῆνα
976 2278 1044 2343 στό-

99 2399 204 2458 pavor.
221 2413 263 2424 —
282 2375 417 2462 Dionys.
439 2379 477 2442 de
497 2376 588 2442 Isaeo
609 2379 674 2442 iud.
699 2377 748 2442 19.
770 2374 845 2441 Vol.
866 2374 909 2442 V.
927 2401 957 2464 p.
971 2375 1043 2442 626.

100 2476 138 2539 οὐ
156 2472 193 2555 δίη
218 2470 277 2534 δεῖν
304 2469 413 2555 ᾠόμην,
437 2468 632 2557 Ἰσοκράτους
656 2473 687 2536 ἐν
714 2472 809 2536 άπασι
827 2469 950 2536 πάντων
970 2468 1044 2536 τοό-

98 2595 159 2636 των
171 2570 335 2657 (Gorgiae,
351 2570 589 2649 Aloidamantier,
606 2569 769 2635 Theodori
781 2567 937 2654 Byzantii,
957 2569 1045 2635 Ana·

101 2671 237 2734 ximenis
257 2668 481 2752 Lampsaceni)
507 2664 709 2751 ὑπερέχοντος,
731 2663 824 2743 λόγον
841 2665 906 2730 τινὰ
923 2670 1055 2746 ποιησαι,

99 2766 167 2850 περὶ
187 2765 314 2826 ἐκείνων·
341 2759 415 2824 οὐδέ
431 2784 463 2838 χε
486 2763 636 2848 περὶτῶν
656 2758 885 2849 συμβιωσάντων
908 2758 1055 2847 Ἰσοκρά-,

99 2887 142 2930 τει
162 2859 214 2925 καί
232 2856 286 2923 τόν
305 2863 480 2944 χαρακτῆρα
499 2864 553 2940 τῆς
579 2859 728 2944 ἑρμηνείας
751 2859 862 2923 ἐκείνου
884 2859 1047 2942 ἐκμιμησα-

100 2961 193 3042 μένων
205 2955 344 3034 ουθίνοτ,
364 2953 530 3020 Θεοδέκτου
541 2953 619 3037 λέγω
632 2954 683 3019 καί
695 2953 877 3038 Θεοπόμπου
894 2955 1046 3042 καίγΝαυ-

100 3054 240 3138 κράτους,
258 3048 393 3139 Ἐηόρου
411 3075 442 3116 τε
461 3053 513 3119 καί
538 3051 684 3128 Φιλίστου
702 3053 807 3137 (scrib.
833 3050 987 3131 Φιλίσκου,
1007 3051 1046 3119 oi.

103 3153 240 3220 Goeller.
261 3151 301 3215 de
317 3150 439 3216 Philist.
454 3173 484 3236 p.
500 3150 583 3235 lli.)
603 3149 656 3213 καί
675 3146 901 3234 Κηφισοδώρου
920 3146 972 3210 καὶ
993 3143 1057 3210 ἅλ’

102 3247 164 3314 λων
184 3253 307 3329 συχνῶν·
329 3237 401 3313 οὐδὲ
420 3245 478 3330 γάρ
499 3246 601 3310 ἐκεῖνοι
624 3248 776 3331 κρίνεσθαι
798 3243 874 3329 πρὸς
897 3242 951 3325 την
970 3241 1049 3306 ’Ino-
1087 3238 1090 3270 ³

103 3342 232 3430 κράτους
252 3341 373 3426 δύναμίν
395 3345 465 3406 εἰσιν
486 3339 651 3419 ἐπιτήδειοι.
692 3344 857 3429 Aequum
884 3343 944 3406 tria
964 3340 1049 3406 diee-

105 3457 213 3508 rentur
241 3463 359 3526 genera
377 3431 458 3504 ¹esee
489 3440 624 3519 dicendi,
649 3442 784 3526 primum
812 3450 982 3515 austerum,
998 3457 1050 3500 re-

107 3541 242 3604 cundum
270 3538 478 3624 splendidum,
504 3539 630 3600 tertium
657 3555 821 3599 commune
844 3533 991 3619 (Dionye.
1011 3534 1050 3597 de

109 3659 209 3724 comp.
234 3632 321 3700 verb.
350 3657 378 3698 o.
398 3628 492 3698 XXI.
519 3654 549 3717 p.
568 3631 639 3716 290.
659 3630 798 3715 Sohaef.)
818 3633 974 3719 mediique
995 3651 1051 3714 ge·

108 3738 192 3798 neris
220 3753 263 3796 ex
291 3728 468 3794 oratoribus
496 3730 704 3817 principatmn
730 3741 851 3794 teneret
878 3726 1052 3806 Isocrateo:

108 3830 202 3895 huius
231 3828 272 3892 ad
298 3825 423 3892 laudem
452 3827 597 3912 proxime
622 3838 823 3908 arcesserunt
846 3823 995 3912 Ephorue'
1021 3836 1053 3888 et
