2534 4658
544 331 754 397 ..39-

169 499 288 580 λστριοῖ
302 494 357 576 τὴν
372 493 509 567 διάνοιαν
527 501 588 562 τῶν
605 494 813 583 ἀκροωμένων,
833 495 908 562 ὥστε
919 495 1039 562 δεῖσθαι
1058 495 1120 563 πά-

167 590 214 657 λιν
241 589 438 673 ὑπομνήσεως·
458 599 519 661 τοῖν
540 595 778 681 προειρημένων,
812 593 854 670 ὡς
883 591 1062 678 Θεόπομπος
1089 595 1120 660 iv

167 698 237 757 ταῖς
262 693 463 764 Φιλιππικοῖς.
503 689 568 756 Aio
589 690 650 778 γάρ
669 715 732 756 που
753 691 806 756 καί
829 700 907 779 τρεῖς
926 692 978 757 καί
998 689 1117 768 σίαίους

168 789 304 872 ἱστορίας
324 784 397 853 ὅλαι
423 785 503 851 κατὰ
523 789 708 876 παρέκβασιν
736 785 917 873 ιῧρίσκομεν,
944 790 975 854 ἒν
994 786 1042 865 οἷς
1061 789 1116 874 οὐχ

168 882 252 959 ὅπως
276 881 442 964 Φιλίππου,
472 884 545 952 ἀλλ’
565 887 635 951 οὔτε
660 886 702 971 (Ι.
724 882 815 971 οὐδὲ)
834 883 1017 962 Μακεδόνος
1037 887 1117 963 τινὸς

102 1009 110 1016 ’
168 978 265 1064 ὄνομά
288 981 374 1046 ἐστιν.
423 980 622 1072 Quamquam
647 1006 667 1048 a
693 981 839 1050 Theonis
865 985 1114 1071 reprehensione

165 1079 255 1145 baud
274 1082 340 1146 scio
363 1102 404 1145 au
422 1083 561 1146 vindicet
582 1079 824 1168 Theopompum
842 1080 984 1169 locuples
1006 1095 1116 1147 auctor

165 1178 354 1260 Dionysius,
372 1192 537 1265 utrumque
560 1176 760 1266 Theopompi
781 1199 872 1264 opus,
899 1177 1067 1243 Ilcllenicu
1086 1191 1118 1242 et

166 1275 352 1361 Philippica,
374 1277 421 1340 ita
447 1275 547 1340 fuisse
572 1277 760 1364 dispositum
786 1274 960 1354 affirmans,
986 1278 1116 1341 minime

167 1385 202 1436 ut
220 1375 359 1441 animam
389 1371 592 1440 distraheret:
624 1374 700 1440 Vol.
718 1371 776 1438 VI.
797 1395 829 1460 p.
848 1372 922 1444 783.
949 1369 1115 1458 ἀμφότεραι

163 1465 222 1553 γάρ
249 1469 320 1532 εἰσιν
348 1461 658 1552 εὖπαρακολούθητσι.
706 1471 853 1556 Longior
877 1489 955 1534 sane
981 1470 1042 1533 fuit
1067 1469 1114 1533 di·

163 1569 288 1652 gressio
308 1565 348 1629 de
368 1564 464 1631 rebus
484 1567 725 1654 Dionysiorum,
746 1566 846 1632 tribus
864 1565 954 1632 libris
975 1565 1115 1652 (XLI—

165 1661 298 1747 XLIII.)
326 1663 564 1750 comprehensa,
591 1681 721 1733 auctore
743 1663 888 1730 Diodoro
909 1663 1001 1748 (Lib.
1021 1662 1114 1742 XVI,

164 1760 241 1845 71.),
265 1763 370 1847 quisi
398 1783 469 1828 eam
497 1770 732 1852 ριιίαρυαὲίυία
764 1783 919 1827 annorum
950 1761 1114 1827 historiam

163 1859 326 1923 continere
345 1856 492 1938 affirmat,
516 1874 571 1925 aut
591 1883 703 1946 parum
723 1871 870 1925 accurate
886 1853 1034 1948 loquutus
1055 1873 1114 1938 est,

162 1956 262 2042 quum*
271 1959 461 2024 narrationis
475 1961 600 2024 initium
617 1956 682 2021 ἀπὸ
700 1961 755 2038 τῆς
768 1956 928 2019 Διονυσίου
944 1959 1002 2020 τοῦ
1021 1977 1113 2041 ιυρισ-

161 2053 290 2139 βυτέρου
303 2051 478 2138 τυραννίδος
495 2055 578 2136 lieri,
594 2056 728 2122 eandem
747 2055 787 2128 είς
804 2051 859 2134 τὴν
876 2051 1022 2116 isuram
1036 2055 1110 2116 Διο-

161 2153 264 2232 νυσίου
283 2155 340 2214 τοῦ
359 2152 504 2237 νεωτέρου
526 2154 671 2219 desinere
694 2153 787 2230 dixit,
820 2163 876 2216 aut
895 2151 1021 2214 erravit.
1062 2148 1111 2214 Ac

160 2251 285 2313 monuit
305 2271 344 2313 ea
366 2248 405 2313 de
424 2273 461 2314 re
480 2250 663 2316 iamdudum
683 2247 810 2315 Iousius
830 2249 870 2313 de
890 2246 1007 2333 Script.
1025 2246 1110 2311 Hist.

161 2343 281 2410 Philas.
298 2343 325 2422 1,
336 2345 367 2409 9.
408 2345 447 2411 ln
467 2346 548 2411 libro
559 2344 671 2411 XXV.
691 2369 772 2436 quae
794 2347 834 2411 de
851 2367 930 2434 pace
951 2366 1022 2410 cunr
1033 2343 1110 2409 Per·

162 2444 208 2507 sis
224 2445 305 2506 inita
327 2455 437 2506 contra
454 2442 648 2508 Graecorum
667 2456 700 2508 ct
717 2446 857 2509 maxime
869 2440 1110 2507 Atheniensium

160 2542 344 2626 opinionem
372 2543 507 2628 scripsit,
532 2542 594 2603 nisi
618 2562 675 2625 per
701 2541 931 2627 digressionem
958 2536 1112 2624 explicari

161 2658 227 2700 nou
245 2649 426 2724 potuerunt.
469 2635 595 2703 Theon.
611 2637 782 2724 Progyrnn.
800 2659 832 2726 p.
855 2637 905 2701 13.
919 2655 985 2720 seq.
1028 2632 1111 2698 Ochi

162 2735 326 2820 expeditio
346 2749 456 2800 contra
474 2734 610 2799 rebelles
626 2736 660 2800 in
674 2733 794 2820 Cypro,
815 2732 920 2817 Syria,
938 2729 1109 2808 Phoenice,

160 2831 311 2918 Aegypto
337 2846 485 2917 suscepta
511 2830 637 2918 Olymp.
665 2830 766 2897 CVII.
793 2832 992 2895 arcedonem
1017 2849 1109 2914 prae-

162 2929 271 2994 baisse
292 2929 415 2994 videtur
436 2928 646 3015 Theopompo
666 2930 701 2991 in
719 2926 801 2992 libro
825 2924 936 2992 Xlluo
957 2925 1109 3011 Philippi-

162 3051 270 3094 corum
289 3041 354 3091 tum
373 3025 413 3090 de
432 3024 590 3112 prioribus
610 3024 779 3090 Persarum
798 3025 832 3089 in
853 3047 909 3089 eas
930 3037 1031 3090 terras
1050 3045 1108 3086 ex·

161 3124 385 3210 peditionibns,
407 3136 472 3188 tum
496 3124 537 3187 de
556 3127 608 3203 iis,
628 3145 709 3210 quae
739 3124 911 3209 antiquitus
932 3143 952 3186 o
973 3118 1109 3185 Graecia

161 3226 195 3287 iu
218 3224 346 3287 casdem
365 3224 514 3299 exierint,
535 3220 668 3286 coloniIs
688 3219 873 3284 disserendi.
921 3214 994 3292 Qua
1014 3215 1053 3280 de
1072 3239 1108 3281 re

161 3344 256 3407 quam
275 3320 371 3386 latius
392 3323 433 3385 sit
454 3319 494 3383 ad
512 3330 695 3403 excerptum
704 3315 811 3380 Photii
831 3313 910 3380 Cod.
923 3309 1109 3391 CLXXVI,

160 3421 195 3482 in
216 3419 400 3505 fragmentis
421 3415 653 3503 disputandum,
680 3434 764 3478 nunc
784 3431 867 3496 quae
893 3412 956 3478 dici
976 3423 1110 3498 possunt

159 3518 337 3581 reticemus.
378 3514 414 3579 Id
434 3528 538 3579 tamen
556 3512 720 3577 dicendum
737 3523 786 3575 est
805 3508 865 3574 hoc
884 3509 967 3588 loco,
987 3511 1109 3595 digres-

159 3616 285 3679 sionum
302 3611 599 3700 Theopompearum
620 3610 744 3672 ratione
770 3611 848 3673 satis
865 3619 1030 3696 perspecta
1051 3627 1107 3669 ne·

160 3735 221 3801 que
248 3708 499 3797 Weiselingium
528 3709 716 3794 scripturrun
744 3706 854 3783 fuisse,
878 3727 960 3794 quae
984 3705 1108 3787 scripsit

162 3811 202 3889 ad
222 3808 319 3874 Diod.
340 3807 405 3873 Sic.
424 3805 466 3872 T.
487 3806 512 3871 I.
532 3830 561 3892 p.
581 3803 653 3873 573.
673 3817 706 3869 et
724 3801 901 3890 Spohnium
920 3803 939 3867 Ι.
960 3800 981 3866 Ι.
1002 3799 1107 3888 paullo
