2534 4658
552 400 761 468 ..51-

175 577 224 630 set
244 564 384 633 bistoria
413 568 601 649 consistere,
632 572 660 635 il
685 570 846 652 lecerunt,
881 574 936 660 qui
963 574 1055 659 primi
1084 577 1119 640 in

174 660 235 727 hoc
269 685 389 748 genere
416 678 555 752 'operam
593 667 803 745 collocarunt,
843 671 898 754 qui
930 665 1121 757 λογογράφοι

173 772 247 823 sunt
264 760 428 845 appellati:
452 775 484 826 et
503 763 537 826 id
558 785 659 849 genus
679 764 806 829 dicendi
824 765 1009 846 attulerunt,
1034 770 1119 856 quod

173 854 213 919 ab
252 856 412 922 annalium
442 860 585 924 ertrlitate
617 881 683 925 non
704 861 845 935 multum
876 862 1016 929 distaret.
1068 865 1118 932 Ao

170 975 359 1040 quamquam
388 960 582 1022 recentiores
608 956 823 1043 logographos
857 958 938 1022 adeo
970 981 1116 1027 nonnun-

172 1072 266 1136 quam
283 1049 323 1114 ab
344 1054 429 1131 eius,
455 1075 548 1140 quam
568 1044 812 1141 profitebantur,
838 1059 914 1119 artis
941 1060 1046 1143 specie
1070 1071 1117 1124 at-

171 1169 232 1233 que
260 1160 371 1212 nutura
399 1171 499 1236 prope
527 1151 640 1228 abesse
662 1153 786 1229 videas,
816 1164 851 1214 ut
870 1150 910 1215 ab
939 1157 1064 1239 optimis
1081 1158 1116 1220 in

170 1264 210 1306 eo
230 1266 347 1328 genere
368 1246 548 1313 auctoribus
570 1271 665 1334 aegre
686 1249 917 1312 discernantur:
934 1261 1039 1315 tamen
1059 1274 1116 1318 eos

169 1338 350 1428 plerumque
358 1346 392 1405 in
412 1357 527 1408 conatu
541 1345 694 1409 defecisse
709 1343 994 1411 animadvertimus.
1036 1340 1115 1414 Suc*-

169 1452 333 1503 cesseruut
362 1437 446 1503 bella
470 1440 615 1521 Persica,
645 1442 680 1505 in
711 1439 823 1526 quibus
853 1462 948 1526 quum
975 1448 1115 1510 maxima

167 1533 335 1598 multorum
370 1539 501 1621 ingenia
536 1536 691 1601 illustrata
722 1550 814 1614 sunt,
852 1549 918 1602 tum
946 1543 1114 1605 universus

165 1632 302 1718 populus
322 1631 415 1697 altius
436 1646 578 1718 spectare
601 1636 723 1720 coepit,
750 1647 844 1721 atque
869 1636 904 1698 in
929 1657 1046 1722 magua
1065 1638 1112 1703 le-

165 1749 241 1812 gum
259 1732 412 1793 varietate
433 1733 607 1793 exercitata
625 1743 674 1794 est
690 1732 858 1817 prudentia
878 1732 989 1796 civilis.
1029 1733 1113 1800 'l'um

167 1826 292 1890 exstitit
311 1829 445 1913 primum
469 1827 667 1912 eloquentia,
696 1850 789 1913 quam
810 1831 897 1914 prior
914 1841 1018 1908 aetas,
1050 1853 1112 1920 qus

165 1925 325 2009 principes
359 1925 420 1986 viri
451 1921 676 2010 rempublicam
706 1924 841 1988 consilio
879 1929 982 2010 magis
1016 1940 1111 2014 atque

164 2023 369 2098 auctoritate,
406 2042 499 2106 quam
534 2020 747 2107 persuadendi
778 2020 918 2086 sollertia
948 2026 1111 2104 rexerant,
1201 2069 1208 2077 -

163 2137 229 2179 non
258 2117 424 2182 admodum
450 2119 675 2205 requisiverat,
700 2138 759 2182 nec
785 2140 922 2206 unquam
951 2117 1110 2185 addidice-

162 2226 251 2290 runt,
286 2217 339 2300 qui
369 2217 403 2277 in
437 2217 632 2301 optimatium
665 2215 798 2299 imperio
833 2219 1052 2278 retinerentur.
1078 2214 1108 2301 ⁸)

163 2308 228 2396 Sed
248 2322 314 2372 tum
337 2314 391 2395 qui
410 2313 566 2397 principes
593 2313 627 2374 in
653 2311 786 2374 dicendo
813 2324 919 2389 erant,
955 2314 1108 2376 maiorem
1189 2347 1190 2351 ,

162 2406 230 2470 fere
255 2408 378 2492 ingenii
399 2410 463 2469 vim
491 2429 583 2493 quam
610 2403 772 2471 doctrinae
799 2405 1001 2472 subtilitatem
1028 2408 1107 2471 offe·

160 2499 293 2581 rebant,
322 2517 354 2567 et
371 2504 418 2566 sic
441 2502 603 2581 dicebant,
630 2515 666 2566 ut
689 2516 801 2566 natura
828 2516 992 2590 poterant,
1019 2496 1107 2569 nulla

161 2599 302 2664 adhibita
325 2599 493 2664 verborum
517 2599 724 2664 collocatione
755 2601 797 2663 ad
822 2603 943 2663 aurium
962 2598 1106 2686 uoluptu-

160 2711 244 2774 tem,
276 2716 377 2784 neque
402 2697 474 2761 ullis
503 2699 696 2760 ornamentis
730 2695 772 2758 ad
803 2694 920 2760 cultum
953 2699 1106 2779 orationis

160 2806 254 2880 atque
284 2793 483 2877 elegantiam.
537 2792 648 2858 Artem
673 2815 712 2857 ac
742 2805 911 2879 praecepta
943 2790 1104 2876 sophistae

158 2893 364 2967 invenerunt,
386 2911 517 2974 quorum
536 2890 640 2955 studio
658 2901 807 2976 tanquam
826 2891 860 2952 in
879 2886 1039 2974 palaestra
1054 2890 1105 2952 in·

158 2991 253 3073 genia
272 2988 442 3051 dicentium
471 2989 644 3051 exercitata
673 2998 767 3072 atque
794 2985 835 3048 ad
861 2986 984 3071 copiam
1012 3006 1105 3048 orua-

157 3099 285 3171 tumque
304 3086 457 3149 orationis
470 3083 663 3146 conformata
680 3093 764 3146 sunt.
804 3081 910 3166 Atque
923 3084 1017 3144 etiam
1033 3079 1104 3166 phi-

157 3181 303 3267 losophia
329 3180 379 3246 his
406 3176 597 3263 temporibus
621 3201 715 3266 quum
742 3199 762 3241 a
782 3175 915 3240 Socrate
940 3176 1104 3240 adrerum

157 3278 311 3342 bonarum
338 3278 579 3364 disputationem
604 3287 690 3338 esset
711 3274 868 3350 traducta,
901 3272 1103 3358 multiplicem

157 3375 314 3461 quondum
343 3386 437 3460 atque
463 3368 593 3435 uberem
616 3391 796 3435 sermonum
824 3372 1007 3433 varietatem
1028 3391 1104 3456 sup-

155 3473 318 3558 peditavit.
358 3468 467 3556 ltaque
488 3465 538 3531 bis
560 3467 752 3554 temporibus
765 3466 947 3530 Herodotus
969 3479 1002 3530 et
1013 3464 1103 3529 'l'hu-

160 3786 163 3794 ⁴
224 3767 249 3832 ¹)
269 3767 328 3821 Cic.
347 3767 424 3826 Brut·
442 3763 487 3821 13.
512 3765 611 3820 Vellei.
632 3763 740 3819 Patere.
760 3763 781 3830 l,
801 3760 844 3817 18.
868 3763 958 3816 Tacit.
975 3759 1048 3816 Dial.
1067 3757 1102 3814 de

155 3849 296 3906 oratio·

774 3964 782 3980 ,
816 3923 847 3988 D
871 3925 890 3984 2
