2534 4658
70 3548 121 3600 ..-

522 351 730 413 ...18-

158 522 294 591 enlnlsse
314 519 471 584 fortunam
488 517 642 598 videmus,
665 541 759 606 quum
774 532 807 584 et
823 522 901 606 ipse,
921 523 1022 607 patria
1041 544 1101 587 ex-

158 623 268 696 torris,
293 615 432 705 quodam
447 618 536 700 quasi
552 618 717 703 naufragio
747 616 943 682 fortunarum
963 617 1102 685 afflictus

155 717 325 783 videretur.
376 710 512 776 Primum
538 714 663 800 quidem
692 711 848 798 Ephesiae
874 711 999 777 Dianae
1026 737 1103 802 sup-

156 816 233 903 plex
257 814 358 876 factus
386 830 457 872 esse
483 809 605 886 dicitnr,
622 807 651 893 ¹)
690 810 778 874 cuius
805 807 872 872 lani
896 815 1103 878 vetustissimi
1169 857 1174 864 «

156 914 296 978 maxima
313 903 396 991 apud
417 901 555 968 Graecos
576 905 689 992 religio
707 906 774 968 luit.
794 905 824 988 ²)
865 900 981 972 Postea
1001 909 1104 974 Athe·

158 1013 218 1086 nis,
247 1026 309 1093 quo
330 1015 434 1065 tamen
458 1002 514 1062 vix
536 1013 608 1064 ante
629 1001 847 1088 Olympiadem
867 1000 948 1082 CV,
969 1026 1030 1091 qua
1051 1007 1103 1070 in·

158 1117 252 1171 eunte
272 1095 365 1164 xlx.
386 1095 438 1160 vel
456 1092 535 1160 XX.
559 1117 713 1161 annorum
734 1097 812 1177 luit,
841 1100 965 1164 videtur
988 1120 1103 1166 conce·

157 1204 233 1268 dero
259 1199 420 1285 potuisse,
450 1191 597 1256 Isocratis
631 1192 766 1260 rhetoris
801 1195 965 1281 disciplina
990 1196 1103 1261 uteba-

158 1314 228 1376 tur,
261 1297 348 1360 ouius
374 1290 484 1354 domus
505 1289 568 1353 illis
598 1290 804 1376 temporibus,
833 1294 922 1379 quasi
948 1294 1104 1379 quaedam

160 1395 290 1461 officina
311 1387 435 1452 dicendi
457 1384 633 1450 incredibili
660 1388 882 1474 discipulorum
901 1388 1103 1454 multitudiue

157 1486 366 1574 maximisque
402 1483 599 1570 eloquentiae
633 1484 743 1548 studiis
780 1486 922 1551 florebat.
937 1483 974 1569 ³)
1035 1481 1104 1561 Qui

158 1609 254 1676 quum
273 1595 412 1658 cetoros,
439 1582 492 1666 qui
511 1580 579 1642 eius
597 1578 721 1644 scholas
750 1581 1008 1670 frequentabant,
1034 1595 1103 1648 tum

158 1682 399 1768 Theopompum
425 1689 565 1741 nostrum
593 1677 634 1741 ud
654 1675 849 1762 splendidum
870 1679 1024 1764 quoddam
1042 1701 1103 1765 ge-

158 1803 219 1847 nus
250 1777 375 1842 dicendi
405 1788 497 1861 atque
534 1786 696 1852 ornatum,
738 1773 917 1838 adstrictum
951 1778 1102 1855 numeris,

159 1875 324 1945 sententiis
356 1882 501 1956 argutum
530 1870 753 1946 conformavit,
781 1873 979 1959 ingeniisque
1005 1874 1102 1938 disci·

158 1975 303 2063 polorum
321 1969 500 2032 nniversam
523 1985 621 2050 propo
642 1964 806 2030 Graeciam
832 1967 935 2050 gloria
966 1990 1025 2033 aua
1040 1971 1103 2035 im·

158 2070 272 2158 plevit:
286 2064 318 2149 ⁴)
347 2085 409 2150 qua
432 2074 552 2127 motum
577 2064 671 2126 etiam
699 2061 902 2128 Aristotelem
921 2066 1043 2147 lerunt,
1064 2080 1104 2137 ut

158 2188 230 2233 cum
246 2156 504 2248 philosophorum
521 2157 684 2245 disciplina
695 2159 821 2224 dicendi
840 2176 1007 2250 praecepta
1023 2185 1102 2229 oon·

150 2356 152 2361 ,
187 2338 1075 2368 Μ

224 2459 251 2525 ¹)
271 2459 347 2514 Snid.
367 2474 393 2512 v.
411 2453 543 2529 Ἔφορος·

224 2549 252 2610 ι)
271 2549 418 2620 Spnnhcm.
436 2549 473 2603 od
490 2548 596 2604 callim.
614 2544 641 2601 lr.
659 2544 742 2600 Dian.
762 2543 827 2600 248.
852 2546 888 2601 cl.
907 2547 978 2601 Plut.
996 2547 1030 2603 de
1047 2551 1100 2603 uit.

156 2649 213 2689 nor.
231 2633 312 2686 elien.
331 2649 356 2686 c.
373 2628 401 2683 ³.

169 2778 173 2783 .
223 2731 254 2801 3)
272 2735 328 2788 cic.
343 2733 420 2785 Brut.
439 2728 467 2783 8.
498 2729 613 2784 Photins
639 2729 707 2785 (lod.
724 2727 870 2783 CLXXVI.
893 2729 928 2782 T.
943 2728 963 2783 l.
986 2745 1011 2799 p.
1030 2729 1098 2797 120,

156 2814 202 2870 30.
219 2816 285 2871 cod.
302 2806 405 2869 CCLX.
422 2812 455 2864 T.
473 2810 506 2862 Il.
531 2826 557 2878 p.
576 2808 642 2873 486,
662 2807 707 2864 37.
730 2807 760 2865 τὸ
777 2811 883 2878 πλῆθος
900 2811 952 2864 τῶν
965 2812 1099 2880 μαθητῶν

155 2896 214 2965 ipse
232 2895 287 2948 sibi
305 2893 444 2946 obiectum
467 2907 528 2945 esse
545 2891 613 2943 dicit
629 2890 745 2944 leocrat.
769 2911 800 2946 ιι.
817 2888 902 2947 ιῖνιιϋ.
921 2890 946 2959 ἦ.
966 2889 992 2945 5.
1010 2894 1045 2946 T.
1060 2893 1097 2949 ll.

156 2976 216 3028 Οτι.
229 2974 311 3027 attic.
326 2971 414 3025 Beldr.
433 2987 459 3042 p.
478 2969 542 3026 348.

159 3061 164 3071 ’
222 3073 250 3138 4)
269 3073 400 3127 lsocretie
416 3073 447 3124 in
470 3071 593 3126 docendo
609 3070 701 3140 gloria
717 3069 819 3136 effecit,
842 3077 874 3124 ut
886 3071 1017 3125 nonnulla
1033 3074 1095 3128 eino

154 3157 182 3210 in
203 3154 257 3208 hoc
280 3169 368 3224 genus
394 3152 469 3205 dicta
490 3153 630 3205 veteribus
653 3151 737 3221 digna
757 3158 911 3205 memoratu
931 3155 992 3206 visa
1022 3156 1094 3210 siut:

153 3252 225 3307 quoe
243 3236 279 3288 ad
296 3239 438 3287 auctorem
455 3248 534 3286 tuum
551 3234 642 3288 relato
662 3232 765 3287 multon
788 3233 908 3287 libenter
923 3231 950 3287 h.
968 3233 987 3288 l.
1007 3235 1094 3289 loctu-

152 3332 199 3372 τοι
226 3317 354 3370 arbitror.
391 3313 497 3380 Theon.
524 3313 672 3383 Progymn.
690 3329 717 3382 p.
737 3311 782 3367 51.
802 3316 877 3367 cam.
907 3311 1096 3389 Ἰσννριίτηςὸ

150 3395 281 3467 σοφιστὴς
295 3414 358 3460 teve
372 3412 479 3464 ινφνεις
494 3414 544 3451 των
561 3396 693 3464 μαθητῶν
708 3396 782 3448 θεῶν
799 3391 900 3458 παῖδας
914 3393 1001 3468 ἔλεγεν
1016 3391 1095 3454 εἶναι.

150 3479 226 3534 ldem
250 3494 277 3547 p.
295 3477 340 3531 54.
366 3476 409 3529 cll.
441 3492 468 3545 p.
485 3476 531 3529 60.
561 3469 748 3548 Ἰσοκράτηςὸ
779 3467 865 3548 ῥήτωρ
892 3474 1007 3551 παρῄνει
1035 3480 1094 3543 τοῖς

148 3559 304 3632 γνωρίμοις,
320 3559 455 3630 προτιμᾶν
469 3557 519 3610 τῶν
535 3554 632 3624 γονέων
649 3552 711 3617 τοὺς
734 3551 919 3617 διδασκάλους,
936 3553 976 3610 ὅτι
996 3555 1023 3613 ol
1042 3559 1094 3630 pir

148 3640 196 3695 τοῦ
213 3641 257 3708 ζῆν
274 3636 365 3710 μόνον,
387 3633 416 3691 oi
434 3634 461 3690 di
478 3635 634 3692 διδάσκαλοι
649 3633 697 3690 καὶ
715 3635 765 3690 τοῦ
782 3635 867 3698 καλῶς
884 3637 931 3704 ζῆν
947 3637 1030 3694 αἴτιοι
1044 3659 1094 3711 7⁸-

146 3716 251 3794 γόνασι.
284 3718 419 3790 Aphthon.
438 3719 585 3789 Progymu.
603 3734 630 3789 p.
644 3718 671 3770 4.
690 3719 765 3770 cam.
790 3708 944 3788 Ἰσοκράτης
959 3719 1007 3790 τῆς
1024 3738 1093 3776 παι-

146 3799 223 3868 δείας
236 3799 285 3872 τὴν
299 3800 375 3874 ῥίζαν
392 3794 493 3872 πικρὰν
507 3796 568 3870 ἔφη,
584 3799 685 3872 γλυκεῖς
701 3794 730 3852 dl
745 3791 809 3860 toric
825 3796 955 3871 sapuerit.
