2534 4658
454 391 661 457 ..61-

82 563 168 625 omni
187 560 378 645 flagitiorum
396 582 514 645 genera
534 562 728 647 inquinatum
749 557 895 624 seribere.
941 559 1027 625 Ταύ-

82 679 136 739 την
156 655 190 720 δὲ
207 657 262 738 την
281 679 313 719 τε
332 660 452 738 πικρίαν
477 655 531 719 καί
547 653 804 735 ιάθνρογλοισσίαν
821 664 880 720 τοῦ
900 677 1031 745 συγγρα«

85 755 165 836 φέως
185 756 230 827 τίς
249 749 303 816 ούκ
324 752 361 815 ἀν
380 750 639 836 ἀποδοκιμάσειεν;
662 751 699 816 ού
718 751 776 836 γάρ
794 751 886 836 μόνον
906 755 952 819 ότι
971 781 1029 840 μα-

82 849 189 936 χόμενα
208 848 282 933 λέγει
304 849 379 935 πρὸς
398 849 451 933 τὴν
471 851 568 914 αὑτοῦ
588 847 737 936 πρόθεσιν
762 849 845 927 ἀξιός
869 851 947 916 ἐστιν
966 854 1030 915 ἐπι·
1084 872 1087 879 ·

84 945 236 1033 τιμήσεως,
258 945 338 1012 ἀλλά
358 947 409 1012 καὶ
430 944 508 1010 διότι
526 946 724 1030 κατέψευσται
743 955 800 1014 τοῦ
816 947 960 1036 βασιλέως
980 950 1032 1014 καὶ

82 1036 272 1128 τῶνφίλων,
299 1043 350 1108 καί
376 1041 504 1127 μάλιστα
531 1040 606 1108 διότι
626 1043 664 1108 τὸ
690 1046 803 1129 ψεῦδος
829 1047 959 1130 αἰσχρῶς
980 1046 1032 1110 καί

86 1142 226 1229 ἀπρεπῶς
244 1139 434 1206 διατέθειται.
475 1140 546 1207 Vix
572 1144 612 1207 da
637 1142 851 1232 Sardanapalo
875 1145 1031 1209 eiusmodi

87 1244 219 1305 crimina
246 1262 432 1327 quemquam
457 1241 701 1325 pegsoripturum
729 1239 838 1317 fuisse,
857 1242 972 1304 nedum
992 1242 1032 1304 da

86 1337 243 1424 Philippo,
272 1339 361 1401 cuius
381 1339 414 1400 in
439 1335 548 1400 laudes
570 1349 637 1400 tum
658 1339 852 1422 exspatiatur
870 1337 1032 1421 Polybius.

88 1432 195 1510 Quare
213 1435 336 1499 ratione
364 1455 471 1497 carate
493 1429 693 1517 Theopompi
719 1431 938 1499 acerbitatem}
955 1459 1034 1514 τρο-

87 1517 210 1612 θέμενος
237 1528 295 1615 γὰρ
325 1526 453 1614 ῶςπερὶ
476 1524 620 1613 βασιλέως
648 1525 848 1608 εύφιιεστάτου
867 1528 944 1615 πρὸς
963 1529 1033 1615 ἀρε-

86 1626 141 1709 τὴν
160 1624 328 1704 γεγονότος,
349 1622 404 1689 ούκ
424 1625 487 1688 ἔστι
505 1628 567 1688 τῶν
584 1626 711 1710 αἰσχρῶν
726 1621 778 1686 καί
797 1624 907 1706 δεινῶν,
936 1624 1034 1691 ἀπα-

86 1722 269 1809 ραλέλοιπεν.
306 1720 428 1788 Λοιπὸν
455 1720 475 1804 ἢ
498 1717 566 1805 περί
591 1721 645 1802 τὴν
667 1719 759 1806 ἀρχὴν
786 1721 837 1786 καὶ
856 1725 1034 1810 προέκθεσιν

86 1827 140 1902 τῆς
158 1823 358 1908 πραγματείας
382 1816 495 1898 ἀνάγκη
513 1813 643 1899 ψεύστην
663 1816 715 1879 καί
734 1814 849 1882 κόλακα
869 1823 1036 1901 φαίνεσθαι

86 1918 141 1982 τόν
161 1914 405 2003 ἱστοριογράφον,
431 1913 450 1996 ἢ
478 1913 546 1997 περί
570 1913 625 1988 τὰς
647 1914 727 1977 κατά
753 1915 842 1996 μέρος
868 1913 1035 1997 ἀποφάσεις

87 2013 219 2098 ἀνόητον
240 2013 293 2078 καί
311 2009 491 2098 μειρακιώδη
517 2008 640 2090 τελείως,
665 2012 691 2074 εί
710 2010 762 2075 διά
781 2013 834 2095 τῆς
854 2010 966 2090 ἀλόγου
985 2013 1037 2078 καί

88 2109 247 2195 έπικλήτοα
267 2108 419 2192 λοιδορίας
440 2108 565 2194 ὑπέλαβε
594 2101 772 2194 πιστότερος
792 2107 844 2192 μὲν
864 2108 955 2185 αὐτὸς
976 2135 1037 2193 φαυ

88 2207 240 2292 νησεσθαι,
258 2205 432 2291 παραδοχῆς
444 2203 477 2270 δὲ
495 2203 607 2288 μᾶλλον
625 2203 851 2290 ἀξιωθησεοθαι
870 2205 924 2281 τὰς
944 2207 1038 2285 ἔγκοι-

92 2302 247 2387 μιαστικάς
276 2302 443 2383 ἀποφάσεις
473 2302 568 2366 αὐτοῦ
596 2302 665 2388 περὶ
688 2302 849 2369 Φιλίππου.
890 2304 957 2368 Καί
980 2304 1037 2388 μὴν

93 2398 164 2466 οὐδὲ
182 2398 251 2485 περί
270 2397 324 2471 τὰς
345 2397 507 2482 ὁλοσχερῶς
527 2394 680 2481 διαλήψεις
702 2399 796 2476 οὐδεὶς
816 2402 853 2466 ἀν
873 2398 1038 2485 εύδοκησειε

91 2503 136 2580 τῷ
154 2494 354 2580 προειρημένῳ
372 2502 547 2578 συγγραφεῖ·
574 2491 607 2568 ός
632 2519 664 2572 γε
684 2496 894 2583 ἐπιβαλόμενος
912 2495 1038 2582 γράφειν

91 2594 146 2669 τάς
169 2591 345 2675 Ἑλληνικάς
369 2592 498 2678 πράξεις,
524 2589 586 2674 ἀφ’
604 2585 647 2656 ὧν
676 2592 859 2677 Θουκυδίδης
890 2591 1036 2674 ἀπέλιπεν,

91 2692 145 2756 καὶ
171 2693 339 2768 συνεγγίσας
362 2699 426 2764 τοῖς
457 2694 653 2771 Λευκτρικοίς
677 2699 796 2775 καιροῖς
822 2690 955 2765 καὶτοῖς
975 2692 1038 2755 ἐπι-

92 2785 292 2872 φανεστάτοις
319 2792 380 2851 τῶν
404 2784 588 2869 Ἑλληνικῶν
614 2786 718 2866 ἔργον,
747 2787 801 2870 τὴν
828 2784 880 2871 μὲν
899 2786 1038 2852 Ἐλλάδα

92 2885 200 2970 μεταξύ
225 2883 277 2948 καὶ
298 2883 354 2959 τάς
381 2883 490 2967 ταύτης
519 2873 659 2971 ἐπιβολὰς
687 2882 842 2972 ἀπέρριψε,
865 2883 1038 2973 μεταλαβὼν

93 2980 127 3047 δὲ
145 2975 199 3064 τὴν
218 2979 363 3045 ὑπόθεσιν
384 2982 439 3055 τάς
460 2980 615 3046 Φιλίππου
639 2977 757 3066 πράξεις
783 2983 938 3066 προύθετο
962 2980 1038 3070 γρά-

95 3103 166 3159 φειν.
207 3081 322 3143 Καίτοι
341 3101 373 3154 γε
398 3075 503 3160 πολλῷ
526 3075 698 3164 σεμνότερον
723 3071 758 3159 ἦν
783 3079 835 3142 καὶ
854 3077 1039 3165 δικαιότερον

93 3182 132 3270 τῇ
153 3175 220 3254 περὶ
239 3180 291 3257 τῆς
308 3171 456 3247 Ἑλλάδος
483 3172 625 3238 ὑποθέσει
649 3175 688 3242 τά
715 3176 907 3262 πεπραγμένα
929 3174 1041 3238 Φιλίπ-

95 3297 145 3354 πῳ
165 3274 396 3357 συμπεριλαβεῖν,
416 3271 490 3355 ἤπερ
511 3272 542 3334 ἐν
562 3277 600 3362 τῇ
624 3269 778 3335 Φιλίππου
799 3271 839 3334 τόν
859 3272 911 3353 τῆς
926 3270 1039 3336 ‘Ena-

97 3369 158 3443 δος.
173 3407 217 3419 --
232 3405 274 3418 --
311 3368 377 3432 Καὶ
396 3372 426 3432 τί
447 3365 559 3450 δήποτ’
580 3360 668 3449 ἦντὸ
687 3367 740 3442 τὰς
759 3366 936 3448 τηλικαύτας
957 3369 1041 3436 έναν·

95 3462 208 3538 τιιόσεις
227 3462 405 3550 βιασάμενον
424 3460 557 3548 παριδεῖν
586 3463 640 3528 τὸν
666 3462 859 3547 Θεόπομπονς
887 3467 912 3529 εί
927 3465 978 3551 μὴ,
1005 3466 1040 3552 νὴ

97 3565 168 3641 Δία,
189 3559 238 3625 ὅτι
258 3561 363 3641 ἐκείνης
380 3557 432 3643 μὲν
451 3565 503 3644 τῆς
522 3558 696 3634 ἀποθέσεως
721 3563 805 3636 τέλος
825 3554 917 3644 ἦντὸ
938 3564 1042 3644 καλὸν,

98 3664 152 3739 τῆς
185 3655 218 3720 δὲ
251 3656 329 3721 κατὰ
358 3661 508 3722 Φιλίππον
532 3656 570 3720 τό
598 3657 757 3743 συμφέρον.
804 3658 849 3724 Οά
876 3661 933 3745 μὴν
960 3659 1041 3726 ἀλλά

98 3755 174 3838 πρὸς
194 3752 246 3838 μέν
264 3751 375 3835 ταύτην
392 3754 445 3836 τίχν
459 3753 617 3840 ἀμαρτίαν,
634 3755 716 3818 καθδ
735 3754 872 3843 μετέβαλε
892 3758 946 3841 τὴν
963 3755 1041 3824 ύπό-
1086 3828 1089 3838 „

52 3897 59 3914 .
98 3861 192 3933 θεσιν,
218 3851 290 3928 ἰίνοος
319 3849 357 3916 ἀν
380 3847 436 3935 εἶχέ
452 3874 480 3916 τι
504 3850 606 3934 λέγειν,
632 3849 721 3928 εἴτις
748 3852 841 3920 αάτόν
863 3854 952 3941 ἤρετο
974 3854 1042 3942 περί
