2534 4658
628 352 838 420 ..42-

341 521 404 586 llis
430 523 528 608 igitur
558 519 775 610 similibusque
812 521 1063 609 digressionibus
1089 522 1210 612 Philip·

257 622 329 706 pica
350 619 483 685 historia
501 622 536 684 in
561 632 609 685 tot
633 618 786 686 librorum
810 641 976 685 nnmerum
995 625 1149 700 excrevit,
1174 637 1211 688 nt

257 716 373 780 multos
396 719 467 803 ipsa
491 720 596 801 operis
620 716 714 781 mole
731 741 752 783 a
779 715 916 804 legendo
940 716 1108 783 deterritos
1135 742 1210 786 esse

256 812 409 879 credibile
432 817 484 878 sit.
540 811 684 890 Quorum
711 814 764 880 vel
790 817 925 901 tempori
963 813 1016 880 vel
1042 817 1208 882 socordiae

255 910 414 978 consuluit
434 910 609 998 Philippus,
638 932 696 976 rex
716 908 938 991 Macedoniae,
961 913 991 976 is
1017 914 1072 1000 qui
1096 935 1117 977 a
1133 913 1209 978 Fla-

252 1012 375 1075 minino
400 1009 504 1072 victus
531 1021 590 1087 est,
615 1031 653 1073 ac
678 1012 808 1075 nimiam
832 1007 919 1073 illam
944 1011 1078 1094 copiam,
1113 1033 1209 1099 quam

252 1105 334 1170 felix
360 1116 393 1169 et
420 1103 602 1169 exuberans
623 1104 823 1193 Theopompi
846 1107 1011 1191 ingenium
1041 1108 1209 1188 effuderat,

254 1223 417 1280 coercens,
442 1201 528 1267 solas
554 1225 607 1268 res
633 1203 770 1290 Philippi
797 1202 955 1286 Amyntae
981 1201 1042 1267 filii
1069 1202 1208 1292 reliquit,

253 1322 332 1389 quas
357 1303 553 1379 coniunctas,
579 1299 658 1364 nihil
687 1313 793 1366 tamem
819 1313 855 1364 nt
881 1302 951 1384 ipse
981 1301 1144 1380 adiiceret,
1170 1305 1206 1367 in

252 1399 416 1464 sexdecim
435 1395 533 1462 libros
546 1398 711 1482 disposuit.
740 1396 873 1462 Photius
884 1393 978 1461 Tem.
988 1393 1014 1460 I.
1024 1420 1056 1484 p.
1071 1399 1206 1476 tanta

251 1493 326 1574 Qua
352 1517 450 1581 opera
477 1493 627 1582 nmnquId
653 1492 837 1581 aequalibus
862 1496 929 1559 suls
955 1494 1121 1580 profuerit,
1148 1516 1205 1560 aa·

249 1597 334 1659 secio:
352 1592 430 1656 illud
450 1594 552 1656 ausim
573 1589 744 1668 affirmare,
771 1593 884 1656 sinon
904 1613 1059 1669 caussam,
1077 1594 1205 1656 initium

249 1705 336 1757 corte
358 1690 421 1754 hoc
439 1689 538 1753 fuisse
555 1686 637 1752 labis
659 1689 869 1768 miserandae,
895 1711 977 1775 qnae
996 1690 1205 1775 praestantis-

248 1793 365 1854 simum
386 1789 569 1872 scriptorem
587 1785 764 1849 minutatim
784 1786 930 1872 perdidit.

330 1877 454 1948 ¹Eadem
475 1884 706 1970 digressionum
727 1881 856 1946 lieentia
873 1884 1073 1947 occasionem
1100 1903 1203 1968 nuper

247 1981 399 2048 Harlesio
418 1979 573 2066 praebuit,
598 1992 633 2042 ut
661 1977 870 2066 Theopompo
897 1982 1041 2066 integros
1062 1974 1203 2066 quinque

246 2079 347 2145 libros
366 2076 546 2141 abiudicare
567 2090 745 2140 conaretur.
793 2075 956 2141 Diodorus
985 2079 1081 2155 cuim,
1106 2090 1203 2163 quum

247 2195 415 2242 numerum
434 2172 544 2239 LVIII
560 2172 712 2239 librorum
739 2175 952 2259 exposuisset,
980 2175 1084 2238 addit:
1107 2164 1203 2248 ἐξῶυ

245 2272 341 2349 πέντε,
365 2268 585 2351 dispunctione
614 2269 654 2334 de
681 2292 815 2358 quorum
844 2269 1013 2335 verborum
1042 2273 1202 2336 sententia

245 2393 311 2437 non
329 2371 479 2435 «convenit
498 2371 581 2433 inter
601 2369 752 2433 emditos.
800 2366 883 2432 Nam
905 2365 1043 2433 Vossius
1061 2375 1200 2455 quinque

243 2468 449 2534 intercidisse
469 2463 610 2551 putabat,
634 2463 883 2546 Rhodomannus
913 2464 954 2529 dc
981 2485 1061 2528 cero
1089 2485 1200 2531 aarum

245 2576 383 2634 auctore
403 2562 596 2628 discordium
609 2567 840 2628 intercesntse.
881 2560 982 2626 Cuius
994 2564 1112 2626 rationi
1123 2583 1198 2647 pro·

243 2669 351 2730 ximus
366 2675 419 2726 est
431 2658 609 2736 Harlesins,
631 2661 685 2744 qui
703 2681 798 2745 quum
816 2654 987 2746 praeeunte
1004 2654 1113 2724 Ionsio
1128 2679 1199 2723 rnn-

244 2764 376 2837 nuisset,
395 2781 414 2822 c
435 2757 524 2822 lib'ris
536 2753 641 2833 XXI,
663 2752 827 2820 XXXIX.
842 2769 874 2820 et
886 2752 961 2820 XL.
984 2755 1092 2820 afi'erri
1111 2757 1198 2821 eius·

242 2860 329 2924 modi
351 2855 459 2931 locos,
484 2857 538 2941 qni
559 2854 600 2918 ad
620 2874 672 2918 res
686 2852 932 2936 Dionysiorum,
952 2850 1043 2917 libris
1062 2850 1195 2918 XLI—

242 2953 363 3020 XLIII.
385 2954 562 3038 expositas,
585 2954 789 3037 pertinerent,
818 2952 964 3028 coniecit,
985 2947 1117 3028 ,‚libros,
1136 2970 1195 3014 ex·

173 3129 182 3137 ⁴
242 3054 341 3140 ceptis
363 3049 465 3116 tribus
481 3051 615 3113 intextis
641 3061 674 3112 et
694 3069 714 3111 a
732 3045 877 3112 Diodoro
895 3044 1095 3132 significatis,
1119 3045 1195 3110 seli-

241 3171 331 3238 quos,
347 3151 381 3212 iu
403 3146 518 3236 quibus
538 3168 590 3211 res
601 3144 728 3210 Siculae
747 3144 891 3230 aliaeque
912 3143 965 3227 (l)
987 3141 1194 3229 exponeban-

240 3261 301 3324 tur,
323 3267 456 3310 numero
477 3246 625 3331 quinque,
654 3264 673 3306 a
700 3240 859 3306 nonnullis
884 3244 919 3304 in
945 3240 1073 3305 dubitun
1091 3239 1193 3303 fuisse

240 3357 379 3422 vocatos,
397 3343 533 3429 ideoque
554 3340 731 3405 aDiodoro
752 3338 860 3404 Siculo
881 3337 965 3400 haud
983 3345 1194 3401 numeratos.”

238 3442 325 3506 lluic
346 3464 408 3526 ego
430 3441 643 3516 corniceturae,
661 3438 712 3502 vel
731 3440 837 3525 potius
856 3434 1104 3512 hallucinationi,
1124 3454 1191 3497 non

238 3538 381 3623 intelligo
403 3560 485 3627 qnae
504 3539 626 3622 species
647 3537 809 3600 conciliari
835 3534 946 3619 possit.
997 3530 1079 3607 Quis
1103 3533 1190 3596 euim

237 3658 303 3702 non
323 3637 442 3714 videat,
461 3633 558 3699 multa
579 3633 685 3698 multis
703 3634 782 3698 locis
805 3634 844 3696 de
862 3631 1028 3714 Dionysiis
1046 3630 1189 3713 potuisse

236 3734 408 3819 interponi,
429 3733 550 3796 etiarnsi
574 3731 686 3796 horum
708 3730 871 3795 historiam
892 3728 932 3793 ab
954 3729 1077 3813 origine
1095 3749 1189 3812 repe-

237 3837 324 3899 titam
346 3845 376 3896 ct
399 3831 558 3900 continuo·
574 3843 684 3895 tenore
710 3829 873 3919 deductam
898 3825 960 3892 alio
981 3825 1053 3891 loco
1077 3822 1188 3889 Theo·
