2534 4658
523 361 733 441 ..ιι-

156 529 270 595 ‹lieitur
286 526 525 619 Theopompus,
545 534 741 621 quaerendos
760 553 841 601 esse.
886 531 989 598 Cuius
1005 553 1104 620 geue-

156 631 202 692 rir
218 628 280 692 fuit
295 627 411 695 nobilis
432 631 487 698 ille
508 632 547 697 de
569 631 679 697 Sileno
705 633 856 708 numerio,
886 653 979 718 quoru
995 629 1105 699 Aelim·

157 745 218 790 uus
239 724 288 790 V.
303 725 347 790 H.
363 725 421 806 111,
445 731 495 792 18.
516 727 648 794 exhibet
669 728 819 814 multique
840 727 895 792 atii
915 747 1105 794 eoumreruo-

156 835 318 901 rever-unt,
335 826 374 888 oi.
389 825 525 911 Dionys.
544 823 620 891 Vol.
635 822 691 890 VI.
706 847 738 912 p.
757 821 829 894 787.
842 821 918 889 Vol.
928 823 971 889 V.
992 823 1105 912 p.t2,9.
1157 842 1165 868 ’

157 919 290 984 Servius
315 921 356 984 ud
376 919 469 1008 Virg.
488 923 557 988 Eol.
579 921 638 1000 vl,
661 922 711 986 13.
730 921 837 1005 Hoyu.
866 920 985 1006 Opuso.
1003 921 1105 1001 Aust

156 1015 234 1082 Vol.
255 1016 298 1082 V.
319 1039 350 1104 p.
372 1018 423 1082 68.
456 1020 496 1084 de
510 1023 596 1107 opio
623 1018 705 1085 libro
733 1032 856 1094 octavo,
881 1015 1106 1089 ’1190111ιο-

157 1135 265 1200 gymu.
287 1136 318 1200 p.
342 1116 391 1179 12.
417 1114 463 1207 de
486 1117 632 1182 draoouis
650 1127 761 1181 eontra
785 1117 943 1181 triremem
963 1118 1108 1181 oertuini·

158 1232 211 1292 ue,
228 1209 365 1296 Dionys.
382 1211 422 1277 ll.
444 1237 502 1292 oo„
522 1228 589 1279 tum
614 1213 697 1301 quod
719 1233 787 1290 eos,
806 1212 872 1297 :qui
885 1209 972 1278 loris
990 1214 1107 1279 iu-Ar·

160 1309 252 1372 cedia
271 1308 421 1395 templum
440 1313 606 1389 iutrarent,
631 1306 774 1375 umbram
801 1327 866 1373 ιιοιι
887 1308 992 1375 faeere
1011 1311 1108 1376 tredi-

160 1405 216 1484 dir,
239 1404 352 1490 Polyb.
373 1402 467 1484 XVI,
489 1407 539 1471 12.
566 1406 608 1472 Τ.
628 1403 686 1471 III.
713 1429 745 1493 p.
766 1404 838 1470 592.
865 1418 898 1470 et
924 1405 988 1471 ulie
1012 1413 1107 1483 irruo·

156 1523 263 1583 mera,
293 1502 362 1568 Cio.
393 1503 432 1567 de
462 1504 567 1590 Legg.
590 1501 616 1581 l,
639 1503 668 1569 1.
717 1501 933 1567 Laudationes
968 1502 1107 1594 l'hilippi

158 1613 198 1678 et>
216 1599 411 1678 Alexandri,
447 1624 526 1689 ques
559 1611 782 1666 commemorat
817 1595 910 1662 Theo
936 1598 1107 1686 Progymn.

157 1720 190 1784 p.
213 1699 262 1762 15.
280 1696 344 1775 71,
363 1711 467 1760 utrum
487 1711 610 1782 partem
636 1696 779 1762 eiusdem
806 1697 910 1780 operis
933 1697 1108 1778 effecerint,

159 1817 201 1858 uu
222 1793 417 1860 orationibus
438 1790 641 1881 Theopompi
663 1793 917 1857 adnumerandae
942 1795 1016 1872 sint,
1041 1817 1109 1859 nou

157 1890 252 1956 focile
273 1891 415 1955 dixerim.
463 1888 529 1954 Sed
557 1889 638 1954 liber
667 1893 722 1976 qui
745 1890 858 1953 dieitur
880 1892 993 1952 ΠΕΡΙ
1010 1891 1113 1952 ΤΩΝ

157 1986 488 2061 ΣΤΛΗΘΕΝΤΩΝ
506 1984 580 2051 ἘΚ
607 1986 810 2051 aestuum
829 1988 1108 2066 XPHMAreu,

157 2083 275 2151 Athen.
295 2081 385 2149 XIII.
404 2104 435 2168 p.
454 2082 578 2151 604.F.·
595 2105 719 2163 vereor,
739 2104 781 2147 ue
803 2083 1064 2170 quemadmodum
1082 2089 1108 2152 ii

159 2203 238 2271 quos
258 2182 353 2248 modo
374 2185 521 2266 vidimus,
550 2182 590 2247 de
610 2182 795 2266 demogogIs
821 2181 914 2254 etde
932 2179 1029 2248 rebus
1049 2185 1109 2248 mi-

159 2279 322 2358 rabilibus,
336 2302 395 2368 pro
413 2279 568 2367 particula
592 2301 636 2345 ex
655 2277 902 2362 Philippicorum
922 2281 1010 2357 serie¹
1023 2301 1109 2346 suru-

158 2392 215 2465 ptu
241 2375 405 2442 habendus
429 2380 480 2441 sit
536 2375 631 2441 Certe
659 2397 726 2440 nou
752 2375 846 2438 video
873 2396 966 2460 quem
991 2375 1109 2443 habeat

158 2471 389 2562 probabilitatis
405 2476 554 2560 speeiem,
573 2471 824 2559 Theopompum,
841 2475 897 2558 qui
915 2472 995 2541 illud
1011 2479 1110 2541 seori·

159 2572 278 2659 legium
304 2572 339 2634 iu
366 2569 499 2634 historie
527 2570 665 2657 Philippi
697 2572 869 2656 praeterire
903 2591 969 2637 non
994 2576 1108 2658 potuit,

161 2671 272 2734 eudem
295 2668 334 2733 (lo
361 2690 397 2731 re
415 2658 547 2732 'duobus
572 2666 662 2732 libris
693 2669 869 2753 scripsisse.
916 2666 976 2733 Est
1003 2682 1106 2736 tumen

159 2789 213 2831 res
239 2765 405 2842 eiusmodi,
428 2787 523 2853 quem
549 2765 696 2850 quoniam
724 2785 828 2850 neque
855 2775 997 2839 veterum
1020 2769 1108 2830 testi-

160 2865 276 2928 moniis
294 2861 519 2940 demonstrere‚
543 2881 647 2948 nequo
675 2861 865 2948 disputando
894 2861 935 2924 ud
955 2859 1108 2948 liquidum

160 2961 334 3048 perducere
350 2979 529 3043 possumus,
553 2960 586 3022 in
609 2957 716 3022 medio
736 2956 913 3044 relinquere
931 2961 1031 3030 satius
1051 2961 1109 3024 du·

160 3061 278 3122 ximus.
325 3055 431 3120 Etiam
458 3055 497 3120 (le
522 3053 648 3141 legibus
679 3054 948 3142 religionibusque
974 3053 1109 3122 ludaeo-

162 3177 233 3220 rum
259 3175 333 3219 eum
360 3151 506 3218 scribere.
519 3152 683 3230 voluisse·
697 3155 794 3217 iactat
818 3150 973 3238 Iosephus
1001 3151 1108 3241 Autiq.

161 3250 230 3314 Iud.
258 3247 334 3328 XII,
355 3254 386 3328 2,
413 3251 462 3314 13.
498 3247 539 3314 Τ.
557 3247 582 3314 l.
610 3273 642 3337 p.
662 3248 733 3314 595.
750 3248 889 3315 Havero.
916 3249 975 3314 sed
1003 3264 1108 3315 mente

163 3359 288 3434 coptum
313 3349 442 3434 triginta
470 3345 582 3410 diebus
609 3358 642 3411 et
667 3347 887 3434 quemdem,
914 3368 1017 3434 equo
1045 3349 1110 3415 sibi

163 3466 237 3509 eum
265 3443 412 3510 morbum·
435 3445 608 3508 immissum
634 3464 705 3508 esse
729 3442 957 3528 suspicabatur,
982 3443 1110 3530 placore

163 3542 322 3619 studeret,
346 3543 464 3606 somnii
488 3541 612 3606 monitu
638 3538 853 3618 intellexisse,
879 3539 914 3604 id
938 3539 999 3606 ribi
1026 3545 1110 3607 uoci·

164 3641 250 3704 disse
269 3651 437 3725 propterea
465 3637 548 3724 quod
568 3658 620 3702 res
646 3637 768 3701 divinos
793 3659 865 3702 erun
890 3638 1031 3724 profertis
1051 3639 1110 3704 ho-

163 3735 302 3803 miuibus
336 3739 565 3801 communicare
602 3748 750 3800 conatus·
771 3748 865 3800 esset.
912 3732 961 3816 CI.
991 3736 1109 3814 Euseb.

165 3835 278 3922 Prsep.
297 3833 421 3920 Euerg.
438 3856 470 3921 p.
489 3833 562 3900 353.
583 3831 625 3900 Ι).
646 3833 696 3899 ed·
717 3832 828 3906 (Iolen.
