2534 4658
442 1253 838 1327 conmentario

605 1408 666 1465 DE

193 1547 477 1624 rimorouu
500 1543 743 1624 crurum
767 1543 831 1619 ar
854 1541 1073 1631 acuum.

534 1725 733 1741 m

161 1809 249 1939 Ex
275 1897 384 1940 eorum
413 1894 543 1940 numero
570 1875 767 1959 scriptorum,
796 1873 909 1961 quihus
939 1873 991 1940 vel
1011 1873 1106 1939 Criti-

160 1995 268 2040 corum
288 1974 444 2036 sententia
462 1984 494 2036 et
514 1973 684 2035 auctoritas
708 1971 760 2036 vel
788 1973 960 2036 communis
979 1971 1105 2058 quidam

159 2071 346 2134 iudiciorum
383 2087 556 2132 consensus
590 2069 763 2153 principem
798 2071 832 2133 in
868 2065 999 2132 historia
1028 2069 1105 2133 scri·

158 2164 262 2229 henda
283 2163 388 2227 locum
406 2164 599 2248 assignavit,
624 2175 688 2226 tres
708 2177 828 2229 tantum
848 2167 1031 2249 superstites
1048 2163 1104 2228 ha·

158 2261 286 2335 bemus,
324 2258 543 2336 Herodotum,
578 2254 814 2343 Thucydidem,
847 2255 1103 2345 Xenophontem.

105 2374 109 2385 ·
159 2355 283 2431 Quibus
304 2357 358 2442 qui
379 2353 453 2418 olim
476 2353 621 2418 videntur
642 2354 780 2422 adiuncti
800 2357 917 2434 fuisse,
944 2356 1105 2435 Philistus,

158 2446 403 2538 Theopompus,
433 2447 597 2533 Ephorus,
627 2453 861 2530 Anaximenes,
893 2451 1104 2516 Callisthenes

159 2565 192 2615 et
213 2547 408 2623 Clitarchus,
430 2567 540 2610 eorum
559 2570 633 2612 rara
652 2549 825 2611 inerudita
848 2550 1031 2634 antiquitate
1049 2571 1104 2612 ve·

158 2648 254 2731 stigia
273 2644 459 2730 colligimus.
501 2642 567 2707 Sed
586 2642 679 2707 nobis
698 2664 739 2707 ne
758 2635 879 2708 minuta
899 2645 1025 2732 quidem
1045 2649 1104 2710 im·

157 2745 242 2806 mitis
262 2743 455 2826 tempestatis
471 2739 624 2827 reliquiae
647 2740 893 2804 contemnendae
914 2753 1002 2804 sunt:
1025 2760 1104 2829 quas

158 2861 222 2904 non
248 2840 317 2902 sine
344 2859 459 2922 magno
493 2847 526 2900 et
554 2834 715 2900 doctrinae
741 2848 774 2900 et
804 2835 974 2922 voluptatis
1000 2837 1104 2902 fructu

158 2959 201 3001 ex
218 2934 325 3000 multis
344 2933 570 3018 disparatisque
589 2930 670 2995 locis
691 2935 879 3019 congregari
902 2946 1002 3021 atque,
1018 2955 1104 2999 com·

155 3036 242 3118 poni,
264 3052 328 3094 una
348 3040 381 3091 et
401 3031 601 3091 consentiens
620 3026 783 3094 doctorum
809 3029 971 3094 homiuum
995 3032 1104 3116 opinio

157 3142 216 3192 est.
262 3127 378 3192 Amavi
406 3122 610 3202 Ciceronem,
645 3127 716 3211 qui,
745 3128 894 3214 quaestor
922 3129 957 3190 in
985 3125 1105 3201 Sicilia,

155 3223 354 3290 Archimedis
373 3218 567 3306 sepulcrum,
590 3234 713 3308 septum
739 3225 878 3309 undique
906 3235 939 3286 et
957 3224 1104 3285 vestitum

156 3320 305 3407 vepribus
326 3330 358 3382 et
377 3317 510 3380 dumetis
537 3330 631 3404 atque
660 3316 701 3384 ab
725 3320 803 3405 ipsis
824 3318 961 3383 hominis
988 3319 1103 3381 acutis-

156 3418 229 3480 simi
245 3413 368 3480 c'ruihus
392 3415 589 3499 ignoratum,
614 3416 779 3500 indagavit
803 3427 895 3501 atque
923 3416 1055 3499 aperuit.
1075 3412 1103 3498 ¹)

156 3512 225 3584 Nec
252 3511 394 3598 profecto
419 3509 517 3577 ullum
547 3522 596 3575 est
623 3531 728 3600 genus
753 3506 871 3576 laboris
899 3523 955 3576 aut
982 3509 1104 3575 dulcius

228 3835 253 3899 ¹)
272 3836 328 3894 cic.
347 3835 429 3889 Taso.
446 3835 524 3905 Disp.
543 3833 578 3898 V,
594 3831 641 3888 23.
