2534 4658
215 349 223 381 λ

519 426 562 441 -
602 393 727 459 osv-.-

156 574 241 640 ctus‚
264 559 443 628 erudiendis
462 557 631 623 iuvenibus
657 571 820 646 quaestum
845 557 950 624 facere
970 570 1100 624 coactus

155 672 250 724 esset.
288 658 392 746 Atque
410 659 445 720 in
461 659 624 740 prooemio
642 655 841 721 historiarum
851 677 978 720 suarum
990 653 1099 719 Theo·

155 777 303 842 pompum
324 779 344 819 a
365 766 539 820 ceterorum
567 755 753 839 scriptorum
773 751 1018 838 reprehensione
1039 773 1100 814 ex·

156 852 281 916 ordium'
311 851 441 915 duxisse
472 848 647 933 Dionysius
680 861 796 913 narrat.
821 849 850 934 ¹)
901 849 974 914 Huc
1005 848 1099 925 adde,

154 949 238 1037 quod
265 949 381 1012 diserto
409 946 572 1012 Ciceronis
598 945 791 1032 aliorumque
817 947 997 1011 testbnonio
1023 966 1099 1008 con·

155 1058 234 1122 stat,
267 1040 437 1109 Isocratem
466 1042 694 1108 Atheniensem
723 1043 794 1106 foro
829 1041 1015 1129 publicaque
1051 1041 1100 1104 di·

156 1141 248 1206 cendi
266 1143 493 1205 exercitatione
514 1142 671 1219 caruisse,
691 1139 730 1203 de
752 1161 813 1225 quo
835 1139 997 1203 admonuit
1011 1135 1099 1220 Tay·

154 1234 251 1302 lorus.
268 1237 299 1320 ²)
348 1233 470 1312 Quodsi
493 1238 561 1322 ipse
586 1236 662 1302 illud
682 1234 907 1322 Theopompus
927 1236 1099 1300 memoriae

154 1334 358 1419 prodidisset,
390 1317 454 1396 non
490 1344 595 1418 potest
625 1354 690 1397 uon
721 1335 834 1398 rnirmn
860 1334 979 1410 videri,
1014 1331 1100 1420 quod

154 1450 301 1515 umquam
323 1429 363 1492 de
383 1426 523 1494 Isocrate
543 1428 731 1494 Atheniensi
751 1428 923 1493 dubitatum
944 1432 1000 1493 sit:
1024 1450 1100 1492 nam

155 1529 283 1590 minimo
311 1538 507 1592 constantem
534 1526 652 1591 famam
680 1526 779 1590 fuisse
800 1547 843 1590 ex
865 1524 969 1590 Gellio
991 1522 1100 1611 liquet.

154 1621 263 1708 Itaque
284 1621 363 1688 mihi
381 1623 507 1710 quidem
526 1621 719 1708 Porphyrius
739 1622 873 1686 eundem
890 1642 967 1686 sane
990 1618 1101 1685 Theo-

155 1721 262 1804 pompi
294 1717 399 1784 locum
434 1741 472 1782 ac
498 1717 632 1783 Pbotius
658 1721 840 1806 respexisse
869 1718 1009 1792 videtum
1041 1719 1100 1782 sed

155 1836 228 1879 eum
248 1828 303 1879 aut
326 1816 396 1901 ipse
421 1834 531 1902 parum
559 1827 705 1878 accurate
729 1816 888 1900 inspexit,
916 1828 972 1878 aut
994 1817 1099 1880 incer·

156 1922 222 1975 tum
241 1931 401 1976 rumorem
427 1923 577 1997 sequutus
598 1922 661 1988 est,
690 1909 815 1996 quales,
842 1908 898 1974 ubi
923 1912 1022 1977 semel
1039 1934 1099 1978 ex·

154 2011 317 2086 stiterunt,
334 2007 553 2095 plerorumque
572 2006 718 2070 socordia
738 2009 904 2070 sustentati
921 2030 1100 2095 propagan-

155 2117 214 2169 tur.
267 2100 358 2179 Quae
382 2107 411 2168 si
437 2102 646 2168 Ruhnkenius
674 2106 751 2167 satis
772 2103 1004 2199 perpendisset,
1031 2126 1098 2170 non

154 2200 283 2279 dubito,
304 2202 379 2288 quin
397 2197 676 2286 nequel'orphyrii
694 2201 906 2264 testimonium
919 2204 1013 2267 ainis
1029 2225 1098 2268 ma-

154 2301 210 2384 gni
230 2298 374 2376 fecisset,
405 2308 438 2360 et
458 2293 597 2379 Tayloro
618 2295 733 2378 (Lectt.
751 2295 829 2379 Lys.
851 2319 879 2362 c.
898 2295 954 2363 III.
973 2321 1005 2386 p.
996 2301 1098 2364 .232.

154 2416 220 2481 seq.
245 2391 285 2458 Τ.
306 2392 365 2458 VI.
389 2393 439 2456 ed.
463 2389 594 2476 Reisk.)
625 2395 729 2456 minus
764 2395 878 2458 acriter
907 2393 1098 2486 obloquutus

154 2493 285 2556 fuisset

235 2587 273 2653 lu
294 2588 415 2652 uictrici
432 2588 528 2672 igitur
547 2582 604 2648 ilia
624 2586 767 2649 oratioue
787 2609 864 2675 quas
880 2586 991 2654 laudes
1002 2587 1097 2656 Mau·

153 2685 214 2751 soli
243 2686 405 2772 expositas
432 2683 531 2746 fuisse
557 2679 720 2766 probabile
748 2697 815 2763 est,
841 2706 896 2751 eas
915 2684 1098 2775 Theopom.

152 2805 211 2872 pus
237 2785 272 2847 in
298 2780 430 2846 historia
455 2800 513 2843 sua
539 2777 586 2842 illi
609 2779 738 2842 minime
757 2778 938 2847 tribuendas
964 2789 1096 2872 putavit.

221 3085 248 3153 ¹)
273 3085 364 3155 hutiq.
389 3082 506 3147 Romi,
524 3086 550 3135 1.
585 3081 661 3136 idem
685 3079 739 3134 tuit
763 3081 894 3136 Timaeus
918 3083 1014 3149 (Diod.
1036 3087 1092 3143 Sic.

153 3170 226 3234 Xill,
243 3169 300 3230 90.)
324 3165 372 3237 qui
394 3163 468 3234 apud
490 3163 647 3233 Longinum
670 3161 705 3216 do
728 3161 842 3219 sobria.
860 3164 907 3219 IV.
932 3181 958 3236 p.
977 3163 1022 3222 1³.
1041 3169 1092 3223 01.

153 3247 298 3320 ἀλλοτρίων
314 3245 364 3318 piu
380 3243 593 3317 ἐλιγιτιιώτιιος
610 3238 824 3316 ἁμαρτημάτων.
845 3238 1046 3317 demulcentes
1062 3247 1094 3305 di

152 3332 204 3387 τῶν
222 3324 295 3383 idisr
311 3327 419 3382 dicitur.

220 3427 248 3493 2)
264 3428 308 3483 En
331 3429 384 3484 tibi
406 3428 493 3500 {psius
511 3424 636 3479 Pseudo·
641 3423 782 3481 Plutarchi
805 3425 934 3498 verbcp.
951 3425 1016 3485 236.
1035 3428 1094 3486 tasi

153 3507 180 3568 δ’
198 3505 354 3606 eisdpphin(
358 3501 537 3581 Ἰσοκράτης),
558 3507 611 3560 τῶν
626 3524 675 3576 μιν
691 3499 829 3561 πολιιιιῶν
842 3501 1006 3579 πραγμάτων
1022 3506 1091 3565 oini-

105 3605 108 3610 ·
151 3611 245 3662 ogero,
268 3583 477 3658 iopdporo'cr’
495 3581 787 3656 desertitudinem
808 3583 907 3659 τρόπον
923 3615 975 3654 -,
998 3587 1090 3656 ἄλλοις

153 3674 184 3730 dd
205 3667 379 3746 μεμελετηκὼς
404 3668 542 3738 φαίνεται,
573 3661 632 3722 ἕνα
654 3664 689 3722 δὲ
712 3665 819 3736 μόνον
847 3662 948 3722 sinos
970 3667 1091 3744 λόγον,

152 3753 211 3814 cdv
228 3747 310 3828 περὶ
326 3745 643 3822 ιῆςἏνιιδόιιως.
659 3747 876 3805 ectheseos.
895 3753 1089 3809 occasu.

153 3856 179 3912 p
194 3838 260 3902 486,
279 3835 324 3889 20
