2534 4658
581 397 786 462 ..13-

213 583 304 659 rupta
325 588 397 636 arco
419 570 565 646 munitas,
591 565 784 634 ablithrina
802 567 938 654 recepit3
964 558 1040 634 iude
1059 587 1155 655 quar-

212 683 246 732 to
274 667 325 731 die
352 661 514 752 Ephesum
545 688 565 729 a
596 665 799 732 mercenariis
829 662 980 733 militibus
1014 663 1156 730 relictam

213 765 357 847 pervenit
376 784 415 825 ac
435 759 585 850 populare
601 763 766 851 imperium
785 761 931 824 restituit.
948 763 998 851 Ι)7
1020 760 1157 845 Magno·

213 863 264 924 sia
296 873 328 922 et
364 855 488 923 Tralles
523 853 646 942 legatos
680 859 849 933 rainerum,
883 858 937 942 qui
971 877 1026 922 eas
1057 855 1156 927 urbes

212 954 394 1020 Alexandro
415 953 582 1029 maderent.
622 951 830 1018 Antimachus
849 956 1069 1039 cumquinque
1089 953 1157 1018 fers

213 1051 350 1116 millibus
377 1050 509 1116 militum
538 1049 578 1115 ad
606 1048 755 1114 Aeolicus
783 1047 974 1136 Jonicosque
999 1049 1156 1127 civitates,

213 1140 370 1235 equibus
394 1146 512 1227 Persae
548 1145 687 1212 nondum
720 1159 943 1223 excesserunt,
975 1141 1156 1211 liberandas

153 1263 162 1291 1
211 1246 325 1309 missus
342 1256 409 1322 est,
428 1245 651 1331 negotiumque
665 1241 795 1321 datur,
814 1256 850 1307 ut
870 1244 1066 1329 optimatium
1084 1241 1156 1307 ubi·

212 1360 273 1425 que
296 1343 428 1427 imperia
458 1338 644 1406 dissolveret
669 1351 702 1404 ct
723 1336 840 1425 popolo
870 1360 1022 1404 summam
1047 1358 1155 1404 rerum

211 1434 358 1500 traderet.
377 1437 407 1520 ²)
456 1433 529 1512 Quo
556 1435 681 1523 quidem
713 1449 854 1521 tempore
879 1434 964 1524 baud
993 1433 1087 1499 dubio
1114 1457 1155 1501 ea

209 1546 285 1597 sunt
308 1532 437 1598 foedera
459 1533 543 1598 lacta
570 1545 604 1597 et
624 1530 739 1598 tabulis
765 1531 900 1619 publicis
924 1533 1046 1610 incisa,
1072 1554 1154 1619 quae

208 1627 411 1712 Mytilenaeis
428 1627 457 1710 ³)
477 1640 509 1693 ct
529 1625 682 1693 'l'enediis
702 1649 773 1694 oum
792 1626 976 1694 Alexandro
999 1628 1104 1695 fuere:
1121 1628 1155 1712 ⁴)

211 1725 386 1789 cuiusmodi
410 1724 522 1790 foedus
539 1723 648 1789 'otiam
680 1745 751 1789 omn
786 1723 872 1790 etto
899 1728 1086 1792 convenisse
1109 1743 1154 1790 ex

209 1841 249 1884 eo
275 1818 437 1905 probabile
463 1834 528 1898 est,
556 1819 640 1907 quod
665 1816 725 1886 bos
752 1841 848 1900 mox,
875 1834 984 1908 utpote
1008 1816 1155 1900 Alexan·

208 1915 257 1978 dri
281 1917 418 1993 amicos,
449 1939 469 1982 a
495 1916 828 1982 Persarum'excrcitu
858 1920 1035 2003 oppugnati
1064 1917 1153 1982 vide·

207 2032 288 2076 mus.
328 2011 433 2100 Atque
461 2013 572 2077 eedem
591 2011 721 2077 loedere
746 2009 831 2077 baud
852 2033 945 2078 secus
971 2034 1064 2101 quam
1087 2012 1152 2078 ior·

207 2107 291 2173 mula
308 2111 395 2194 pacis
414 2132 434 2173 a
452 2106 620 2175 Persarum
644 2123 757 2195 postea
781 2106 912 2176 dacibus
939 2111 1102 2197 proposita
1122 2103 1152 2196 ⁵)

207 2205 353 2273 exsulum
371 2209 563 2271 mentionem
586 2203 734 2270 babuisse
760 2206 923 2272 uidentur:
947 2227 1025 2295 quos
1046 2204 1153 2292 Ephe·

207 2323 277 2366 som
302 2304 372 2389 ipse
398 2300 582 2366 Alexander
608 2302 748 2366 reduxit'
763 2303 794 2387 ὅ)
840 2301 910 2368 Rex
935 2306 1060 2369 interea
1087 2301 1159 2368 Me

206 2399 304 2463 letum
340 2399 534 2482 expugnavit
565 2410 657 2483 atque
689 2397 946 2464 Halicarnassum
981 2421 1152 2486 aggressus

207 2508 266 2560 est.
307 2489 412 2569 Quarn
428 2491 537 2557 urbem
556 2514 741 2581 quamquam
758 2493 911 2560 Memnon
926 2494 1079 2574 Rhodios,
1099 2500 1152 2562 cui

206 2607 272 2656 turn
309 2592 458 2676 temporis
484 2610 638 2654 summam
670 2612 775 2677 rerum
801 2590 919 2656 Darius
955 2593 1151 2678 persuaserat,

205 2688 346 2752 inanima
375 2688 408 2750 vi
436 2685 605 2750 defendere
633 2701 818 2765 conaretur,
851 2689 926 2752 vicit
948 2701 1056 2754 tamen
1077 2685 1151 2754 Ma·

206 2784 360 2849 ccdonum
375 2785 559 2847 constantia.
601 2775 813 2857 Quamobrem
828 2805 923 2872 quum
936 2806 1041 2851 arcem
1058 2807 1151 2872 prae·

205 2881 287 2946 sidio
306 2878 479 2956 firmasset,
505 2878 617 2945 relicta
640 2878 717 2944 urbe
743 2881 777 2944 iu
798 2878 1027 2948 Con'insulam
1053 2885 1150 2947 truie·

220 3077 1138 3122 mv

275 3206 300 3270 ¹)
318 3205 423 3260 Anien.
441 3204 475 3259 de
491 3203 595 3273 Exped.
612 3203 687 3258 Alex.
704 3203 725 3267 l,
748 3202 791 3258 17.

272 3302 299 3372 ²)
318 3307 424 3360 Arriam
442 3305 476 3360 de
496 3304 600 3375 Exped,
617 3305 692 3359 tter,
712 3303 733 3366 l,
750 3301 795 3371 ls,
812 3307 837 3372 ἦ.
857 3305 871 3358 l
891 3332 926 3344 -
945 3304 972 3359 3.

208 3489 244 3543 ¹0
271 3405 299 3472 3)
319 3408 361 3463 Dc
388 3409 526 3479 scriptore
552 3406 633 3461 huius
665 3405 795 3460 nominis.
810 3407 865 3460 rid.
895 3404 1093 3462 steinberc.
1119 3422 1146 3477 p.

260 3504 335 3559 seqq.

272 3589 300 3655 4)
319 3589 424 3645 Arrion.
440 3589 475 3649 dc
494 3588 599 3660 Erped.
617 3589 693 3648 tter.
711 3587 746 3653 11,
765 3584 790 3652 i,
807 3585 832 3654 ἦ.
850 3587 877 3641 t.
899 3586 926 3651 2,
946 3586 972 3655 i.
991 3587 1020 3643 t.

271 3691 299 3755 5)
319 3692 423 3746 Atrion.
438 3691 468 3745 ll.
487 3707 527 3746 cr.

272 3788 299 3855 ⁰)
316 3792 421 3847 Atrion.
438 3791 521 3859 1,17,
537 3792 564 3857 ἦ.
585 3790 628 3846 ll.
