2534 4658
500 383 735 451 ’-24-

166 549 207 616 Τ.
227 551 268 617 11.
288 575 319 640 p.
338 551 408 619 114.
425 577 452 620 s.
469 554 573 621 Bekk.
612 553 679 618 Καὶ
702 554 759 637 μὴν
783 552 892 640 Ἱδριέα
918 575 950 634 με
975 551 1030 615 τὸν
1052 552 1104 617 εύ-

163 648 343 733 ιιορούτατον
367 656 428 716 τῶν
452 657 502 716 νῦν
529 650 597 735 περὶ
615 647 670 730 τὴν
695 653 815 737 ἤπειρον
839 653 898 738 (of.
922 650 1035 717 Morus
1060 653 1104 716 nd

164 745 262 813 lsoor.
281 748 399 835 Puneg.
416 771 447 835 p.
459 749 528 816 100.
550 749 671 837 Spohn.
689 751 728 814 ad
747 750 840 814 eund.
857 772 889 834 p.
902 748 992 833 132.)
1009 771 1105 834 προς-

164 839 230 924 ήκει
255 842 473 930 ύυςμενέστερον
497 843 655 921 εἶναιτοῖς
683 842 828 932 βασιλέως
855 846 960 931 (regis
988 845 1105 911 Perso-

163 940 245 1024 sum)
266 939 418 1026 πράγμασι
439 946 502 1007 τῶν
517 939 740 1024 πολεμούντων·
766 941 786 1026 ἢ
807 937 928 1006 πάντων
946 938 981 1019 7³
1002 941 1041 1006 ἂν
1058 939 1109 1023 εἴη·

164 1033 392 1117 σχετλιώτατος,
425 1039 452 1102 ελ
476 1037 516 1121 μὴ
541 1037 683 1124 βούλοιτο
710 1034 931 1102 καταλελύσθαι
956 1036 1106 1119 ταύτην

165 1132 233 1213 τὴν
252 1132 372 1218 ἀρχὴν
393 1134 461 1218 τὴν
482 1136 732 1220 αἰκισαμένην
753 1132 817 1219 μὲν
841 1133 908 1200 τὸν
927 1133 1105 1216 ἀδελφὸν,

150 1226 373 1312 “,πολεμι)σασαν
395 1230 427 1296 δὲ
446 1233 523 1319 πρὸς
539 1233 639 1313 αὐτὸν,
655 1231 775 1298 ἅπαντα
795 1229 828 1298 δὲ
847 1232 902 1299 τὸυ
918 1228 1024 1317 χρόνον
1040 1231 1107 1296 ἐπι-

164 1324 367 1409 βουλεύουσαν
386 1329 438 1394 καλ
454 1327 637 1416 βουλομένην
651 1336 710 1395 τοῦ
728 1352 759 1395 τε
782 1328 921 1413 σώματος
939 1329 1037 1394 αὐτοῦ
1052 1329 1106 1393 καλ

165 1429 226 1487 τῶν
246 1421 404 1509 χρημάτων
429 1423 571 1492 ἁπάντων
595 1427 735 1504 γενέσθαι
760 1429 872 1508 κυρίαν.
906 1424 980 1512 ὑπὲρ
997 1420 1040 1493 ὧν
1056 1425 1107 1492 δε-

167 1517 236 1594 διώς
253 1527 303 1586 νῦν
320 1521 373 1607 μὲν
389 1521 584 1601 ἀναγκάζεται
598 1523 769 1610 θεραπεύειν
789 1523 884 1589 αὐτὸν
901 1523 953 1588 καὶ
968 1523 1107 1610 χρήματα

166 1615 266 1681 πολλὰ
286 1618 364 1683 καθ’
386 1622 512 1684 ἕκαστον
530 1619 665 1685 ἐνιαυτὸν
684 1620 863 1701 ἀναπέμπειν
882 1644 908 1685 κ.
917 1644 944 1685 τ.
954 1627 979 1685 λ.
1019 1620 1107 1689 Hine

166 1715 306 1782 iudicare
331 1717 423 1797 lieet,
457 1721 532 1810 quid
554 1718 681 1785 valeant
705 1718 760 1783 ille
781 1715 918 1783 Diodori
938 1717 1030 1798 XVI,
1052 1723 1106 1783 12.

168 1810 290 1898 quihus
311 1814 452 1896 Idriens,
486 1829 522 1881 ut
547 1813 634 1897 φίλος
664 1814 716 1879 καλ
741 1812 889 1898 σύμμαχος
914 1819 1043 1895 Περσῶν
1073 1815 1108 1879 ἐκ

165 1907 340 1992 προγόνων,
369 1914 577 1999 praedicetur.
634 1911 782 1978 Ceterum
817 1913 930 1977 eodem
963 1911 1108 1979 Diodoro

168 2017 248 2072 teste
256 2006 329 2073 Lib.
340 2007 433 2089 XVI,
445 2008 497 2074 36.
511 2010 691 2076 defunctum
703 2032 774 2074 esse
787 2007 966 2073 Mausolum
978 2009 1106 2096 Olymp.

168 2100 253 2184 CVI,
273 2101 303 2169 4.
324 2127 419 2193 supra
435 2111 624 2172 monuimus.
669 2103 741 2182 Quo
766 2118 907 2190 tempore
929 2128 1024 2192 quum
1043 2107 1107 2172 Ar-

167 2202 291 2266 temisia
309 2225 441 2289 regnum
458 2206 658 2290 suscepisset,
682 2201 914 2267 Demosthenes
929 2201 1107 2267 Athenien·

167 2316 218 2361 ses
240 2296 381 2365 hortatus
397 2313 462 2380 est,
485 2313 521 2363 ut
539 2299 688 2387 populum
714 2297 907 2363 Rhodiorum
925 2300 959 2361 in
978 2296 1108 2362 liberte-

168 2405 230 2458 tem
249 2397 457 2461 uindiementt
476 2397 561 2486 quod
573 2410 639 2460 tum
654 2396 770 2460 fuotum
783 2416 863 2474 esse,
886 2417 981 2484 quum
994 2395 1105 2461 Ochus

166 2493 303 2576 priorem
321 2495 355 2558 in
375 2495 554 2580 Aegyptum
571 2495 823 2579 expeditionem,
855 2515 935 2578 quae
955 2513 1106 2558 successu

168 2591 283 2667 caruit,
304 2593 467 2674 ingressus
485 2603 588 2667 esset,
614 2589 760 2676 (Olymp.
780 2587 881 2666 cvss,
899 2588 950 2672 2.)
973 2610 1016 2652 ex
1032 2591 1108 2675 ipse,

167 2682 391 2752 Demosthenis
421 2689 563 2751 oratione
591 2685 757 2771 colligitur.
780 2685 809 2769 ¹)
858 2685 978 2749 Eodem
1009 2706 1104 2762 anno,

167 2777 254 2847 luctu
276 2795 307 2846 et
325 2781 396 2847 tube
413 2783 572 2861 confecta,
587 2785 799 2847 unientissima
817 2785 877 2847 viri
895 2804 979 2846 uxor
995 2783 1105 2846 deees·

168 2868 219 2954 sit,
228 2878 258 2963 2)
272 2900 465 2968 regnumque
484 2877 572 2944 fratri
584 2876 688 2942 Idrieo
707 2877 842 2965 reliquit.
878 2878 962 2945 Huie
976 2877 1103 2964 Olymp.

125 2980 128 2989 '
168 2971 255 3053 CIX,
268 2975 296 3039 1.
315 2979 484 3054 suecessit,
506 2997 585 3064 quse
603 2976 633 3039 ei
654 2988 751 3061 nuptu
765 2976 885 3055 fuerat,
904 2978 1007 3042 minor
1027 2989 1106 3040 natu

167 3094 258 3138 soror
275 3071 358 3154 Aua,
373 3071 403 3160 3)
422 3095 516 3162 quam
534 3071 631 3140 freter
651 3070 829 3138 Pixodarus
849 3075 945 3137 eiecit
963 3074 1104 3160 initaque

236 3383 262 3446 ¹)
280 3383 313 3436 do
333 3383 419 3437 Rhod.
437 3382 485 3436 lib.
503 3381 528 3446 1.
547 3378 590 3434 11.
608 3378 750 3460 121101).
767 3396 793 3449 p.
809 3375 870 3442 193,
885 3375 929 3432 18.
942 3379 1003 3433 noll.
1021 3379 1103 3434 Diod.

168 3467 241 3530 xvi,
257 3466 304 3519 40.
337 3464 453 3534 Dionys.
472 3462 563 3515 Helio.
580 3461 668 3529 Epist.
688 3462 723 3512 ud
738 3462 824 3513 Arum.
842 3459 904 3515 Vol.
921 3461 965 3514 VI.
984 3476 1012 3530 p.
1024 3461 1086 3516 726.

234 3565 260 3631 ²)
280 3567 336 3620 cio.
353 3564 435 3619 Tuso.
451 3564 529 3634 Disp.
543 3564 592 3627 111,
610 3561 654 3618 31.
686 3561 777 3631 strab.
792 3561 863 3615 xlv.
880 3577 906 3629 p.
923 3562 987 3618 201.
1019 3565 1103 3618 Diod.

168 3649 242 3714 xvl,
263 3647 309 3702 42.
331 3645 377 3701 45.
393 3672 395 3677 .
411 3647 496 3719 isoor.
516 3645 586 3699 Plus
609 3644 634 3712 ᾗ.
653 3641 716 3699 101
740 3641 803 3699 104.
839 3642 919 3712 1101.
940 3647 1007 3701 Lex.
1032 3663 1054 3702 s.
1076 3663 1102 3698 ι.

164 3725 280 3804 'It’ka-
591 3765 593 3768 γ
876 3743 878 3747 ,

236 3832 262 3897 ³)
280 3830 361 3887 otor.
380 3829 451 3884 xvt.
468 3829 514 3883 uo.
534 3826 595 3881 con
613 3811 698 3887 xvh,
716 3824 763 3901 ιι.
