2534 4658
475 333 525 395 ...’
560 342 606 431 17
642 379 684 395 .-

103 516 286 581 daemonica
312 515 493 583 hrirnicitias
522 526 718 592 exercentes,
743 514 922 578 universam
947 512 1046 592 (irae-

102 616 183 677 ciam
207 613 248 677 ad
273 615 458 678 societatem
484 610 559 677 belli
580 625 688 677 eontra
705 610 886 675 communes
906 615 1045 679 omnium

99 707 254 774 libertatis
274 707 384 774 hostes
405 710 540 794 gerendi
568 712 785 774 concitarent}
802 709 895 792 primi
916 708 989 774 Chii
1007 714 1043 776 ia

99 808 417 892 parteatrausgressi
442 818 526 882 sunt,
544 805 573 890 ⁸)
595 804 720 891 Olymp.
737 803 776 881 C,
796 800 827 866 lt.

184 903 233 967 Eo
256 905 326 989 ipso
347 916 486 988 tempore
506 900 768 966 Damasistratum
784 921 854 964 oum
873 899 943 967 aliis
963 905 1044 990 opti-
1149 975 1151 979 ,

101 1002 232 1064 matituu
263 997 428 1086 expulsum
471 1018 543 1064 esse
579 998 723 1062 coniicia-
787 993 881 1072 Quod
920 1001 948 1062 si
987 1022 1043 1066 ve·

100 1118 171 1160 ruur
197 1109 262 1174 est,
292 1108 400 1164 utest
428 1109 513 1159 certe
542 1096 610 1159 veri
629 1093 834 1170 siruillimum‚
861 1091 1043 1181 Theopom-

98 1213 189 1278 pum,
224 1206 376 1278 paternae
407 1191 591 1256 calamitatis
617 1193 753 1268 socium,
786 1204 851 1255 tum
875 1191 1042 1260 admodum

99 1302 209 1381 tenera
226 1303 331 1354 aetate
356 1290 455 1353 fusse
481 1299 614 1374 oportet.
659 1282 750 1362 Quae
772 1308 824 1352 rea
845 1299 964 1353 tanum
985 1288 1041 1367 ab,-

99 1398 163 1464 est,
192 1400 228 1451 ut
253 1385 382 1450 officere
407 1396 533 1450 nocuae
559 1385 735 1448 sententiae
757 1385 872 1467 possit,
909 1398 945 1449 ut
971 1406 1041 1453 eaur

97 1485 193 1547 etiam
231 1480 417 1547 confirmare
448 1481 603 1546 videatur.
660 1477 744 1544 Nam
776 1480 805 1542 si
835 1481 904 1566 quis
934 1481 1041 1561 Photii

97 1577 211 1656 verba,
237 1601 257 1642 a
276 1577 389 1667 quibus
409 1579 510 1642 omnis
535 1577 614 1641 haec
634 1575 802 1663 disputatio
822 1575 963 1661 profecta
982 1595 1040 1659 est,

97 1675 203 1760 paullo
225 1675 406 1762 diligentius
431 1674 693 1750 consideraverit,
717 1693 783 1737 non
809 1669 937 1752 dubito,
964 1681 1040 1765 quin

97 1774 268 1837 miraturus
303 1774 345 1837 sit
373 1773 473 1856 primo
500 1769 662 1833 stultitiam
693 1766 847 1846 hominis,
877 1774 931 1858 qui
966 1788 1041 1861 quot

99 1890 201 1933 annos
232 1866 456 1953 Theopompus
495 1865 535 1931 ab
574 1865 689 1931 exsilic
727 1865 855 1930 rediens
884 1865 1040 1950 habuerit,

82 1977 336 2042 conmemorat,
355 1963 479 2049 spirando
502 1974 594 2026 natus
616 1963 674 2040 ait,
690 1965 829 2027 reticeat.
867 1960 933 2029 Sed
951 1979 1039 2052 post·

37 2111 39 2116 ,
96 2084 190 2149 quam
211 2075 319 2128 nostra
339 2061 566 2144 disputatione,
584 2069 619 2121 ut
639 2078 811 2144 speramus,
828 2057 869 2123 ad
888 2058 1040 2148 liquidum

95 2159 277 2245 perductum
297 2171 361 2235 est,
380 2154 620 2241 Theopompum
639 2155 790 2220 infantem
811 2169 903 2244 atque
917 2161 953 2223 in
968 2162 1039 2246 ipso

96 2258 181 2319 vitae
208 2256 316 2320 limine
343 2254 445 2340 patria
477 2252 632 2337 privatum
663 2271 753 2316 esse:
785 2274 850 2318 non
876 2253 1040 2324 laudamus

97 2373 175 2415 sane
195 2350 358 2425 Photium,
377 2350 431 2435 qui
451 2345 582 2410 alterurn
603 2367 661 2410 nos
683 2346 779 2426 celet,
804 2349 861 2415 sed
885 2354 1040 2420 rationem

97 2461 203 2512 tamen
223 2447 446 2534 perspicimus,
473 2464 528 2507 cur
552 2463 669 2508 annum
686 2444 805 2509 reditus
824 2449 928 2533 potius
947 2470 1040 2538 quam

96 2545 233 2610 natalem
262 2542 560 2630 commemoraverit.
604 2539 779 2606 Multorum
798 2557 963 2610 manantur
982 2568 1040 2612 ex·

96 2641 169 2705 silis
188 2643 257 2704 sine
280 2639 434 2703 eiusmodi
454 2639 566 2702 aetatis
586 2639 766 2703 notatione:
785 2636 862 2704 illud
883 2662 957 2707 vero
975 2664 1039 2710 non

96 2737 357 2822 praetereundum
378 2748 462 2814 erat,
490 2756 579 2811 eum,
600 2736 654 2821 qui
677 2754 698 2797 a
716 2734 817 2819 prima
831 2735 964 2802 infantia
984 2760 1041 2825 pa-

97 2835 157 2896 tria
174 2834 342 2911 omuisset,
373 2833 616 2919 quadragesimo
638 2833 746 2916 quinto
764 2825 889 2896 demum
906 2853 991 2898 auno
1005 2835 1041 2900 in

98 2931 213 2994 civium
230 2931 300 2991 iura
318 2928 459 2992 rediisse.

180 3023 344 3088 Zenonem
364 3024 489 3109 quidem
508 3021 649 3089 Stoicum
669 3021 776 3089 ferunt
798 3024 899 3111 primo
920 3044 1040 3117 rarescu-¹

97 3134 198 3186 turaru
223 3118 328 3184 lacere
357 3117 499 3197 solitum
531 3134 614 3199 trun,
646 3119 780 3185 eiectum
807 3121 972 3206 naufragio
999 3122 1041 3188 ad

96 3218 280 3295 Piraeeum,
305 3237 433 3302 operam
455 3215 588 3282 Athenis
611 3213 830 3303 philosophiae
850 3216 975 3284 dedisse
993 3233 1042 3286 at·

97 3337 157 3402 que
181 3313 269 3378 illanc
294 3335 391 3400 saepe
418 3334 528 3377 vocem
562 3332 750 3399 usurpasse:
787 3314 857 3376 Νῦν
882 3310 1041 3397 εὐπλόηκα,

100 3410 150 3474 ὅτε
168 3405 362 3493 assumimus.
377 3412 411 3490 ²)
449 3409 499 3474 Ac
519 3406 728 3496 Theopompo
745 3419 812 3472 tum
832 3412 948 3496 optime
965 3435 1041 3479 eon·

166 3684 192 3752 ι)
211 3685 294 3741 uua
313 3685 368 3742 sa.
385 3669 446 3748 riv,
462 3686 510 3740 aa.

165 3787 193 3854 ²)
209 3788 294 3858 Πίος.
309 3789 403 3844 Lura
423 3786 483 3852 vu,
500 3785 528 3842 d.
562 3784 669 3845 Seneca
684 3784 719 3840 de
738 3790 827 3930 υἷας.
841 3787 924 3842 euim.
944 3785 990 3842 14.
