2534 4658
537 423 743 485 ...21-

164 591 273 653 doctor
299 586 456 655 Isocrates
476 590 522 655 sic
550 588 788 667 moderabatur,
812 582 859 655 illi
884 602 920 656 ut
939 589 1048 663 frenus
1074 612 1109 656 se

163 684 330 763 adhibere,
352 685 481 774 Ephoro
500 685 636 752 cdoaria
652 686 830 753 admovere
840 687 968 752 diceret.
986 687 1014 772 ¹)
1057 687 1108 752 Si·

162 781 277 847 militer
300 781 483 862 Platonem,
513 806 608 872 quum
627 779 842 850 Xenocratem
865 783 971 873 paullo
992 784 1109 848 tardio-

162 900 230 943 rem
249 901 321 943 cum
340 877 520 944 Aristotelis
538 881 663 945 fervore
681 892 894 967 compararet,
920 881 1040 945 dixisse
1061 880 1108 944 se-

160 987 250 1039 runt:
279 978 323 1055 τῷ
351 971 404 1055 μὲν
431 973 556 1057 μύωπος
577 973 634 1055 dai,
654 981 698 1059 τῷ
725 973 759 1040 δὲ
779 973 901 1059 χαλινοῦ
907 995 916 1042 :
929 975 960 1059 ²)
980 975 1112 1051 eodem,

161 1094 224 1157 que
250 1071 344 1136 modo
370 1072 411 1137 de
432 1070 670 1161 Theophrasto,
698 1072 884 1159 benigniore
910 1093 993 1138 vena
1015 1094 1108 1159 prae·

162 1169 246 1246 dito,
272 1182 304 1233 et
330 1166 544 1248 Callisthene,
570 1169 698 1235 homine
725 1172 808 1236 tristi
832 1183 866 1237 et
891 1191 1023 1248 severo,
1049 1167 1105 1233 sed

160 1287 271 1351 parum
292 1278 404 1343 aerato,
430 1265 619 1331 Aristotelea
645 1266 804 1332 iudicavit.
819 1267 849 1351 ³)
897 1264 1105 1331 Sedlaocra-

160 1374 225 1438 tes,
265 1383 361 1449 quoru
388 1376 607 1449 argumentum
635 1362 716 1443 illis,
745 1366 784 1428 in
804 1384 871 1452 spuo
896 1360 1104 1438 elaborarent,

159 1457 389 1524 subiiciendrnn
423 1474 525 1540 esset,
564 1462 762 1528 considerata
794 1462 957 1547 uuiusqae
985 1457 1104 1534 indole,

159 1552 368 1643 Theopompo
385 1554 549 1624 historiam
567 1582 674 1625 rernm
693 1557 902 1635 Graecarum,
930 1575 1023 1641 quam
1041 1575 1103 1639 quo

158 1655 262 1717 minus
281 1651 461 1717 inchoatam
480 1653 664 1740 perficeret,
691 1666 792 1720 morte
818 1655 1009 1738 interceptus
1032 1650 1103 1714 fue·

156 1763 208 1814 rat
226 1747 439 1833 Thucydides,
451 1749 484 1832 ⁴)
500 1751 627 1837 plenam
638 1751 775 1816 civilium
792 1749 1023 1814 dissensionum
1033 1749 1102 1831 egi-

157 1837 317 1933 tat'amque
335 1848 460 1930 magnis
481 1844 643 1913 hominnm
662 1859 696 1913 et
711 1843 879 1910 virartibus
901 1856 934 1908 et
949 1844 1035 1908 vitiis
1055 1854 1102 1904 at-

157 1963 219 2028 que
237 1945 308 2029 ipsa
327 1953 502 2028 temporum
522 1945 683 2008 vicinitate
706 1943 939 2029 commotiorem
958 1940 1101 2024 assigna-

155 2041 219 2115 vit3
237 2037 398 2126 Ephorum
416 2038 457 2104 ad
475 2040 668 2125 antiquitatis
678 2037 824 2107 Graecae
835 2038 1029 2114 memoriam,
1048 2055 1100 2098 re·

155 2149 273 2201 motam
299 2158 321 2201 a
348 2137 484 2223 pentima
503 2135 615 2199 studiis
633 2147 665 2201 et
682 2135 819 2214 invidia,
848 2131 1099 2220 investigandam

156 2246 189 2297 et
207 2232 331 2319 placido
358 2231 494 2319 quodam
518 2231 648 2299 flumine
676 2234 828 2298 orationis
847 2228 1031 2316 eruditaque
1050 2226 1098 2290 la·

156 2330 271 2394 orrndia
291 2327 510 2415 explicandam
528 2330 679 2392 incitavit.
696 2329 725 2415 5)
766 2328 832 2393 Sed
851 2326 891 2391 do
912 2344 1031 2412 genere
1049 2322 1097 2386 di·

156 2425 265 2504 cendi,
295 2446 357 2513 quo
379 2444 456 2488 usus
476 2435 526 2487 est
545 2419 789 2510 Theopompus,
817 2420 987 2510 librisque,
1017 2438 1097 2507 quos

155 2522 274 2602 edidit,
300 2523 385 2587 infra
412 2519 507 2585 letius
533 2520 595 2584 orit
624 2519 854 2607 disputandum.
902 2515 996 2583 Nunc
1018 2512 1096 2579 illud

117 2670 118 2675 η
155 2620 456 2712 apimadvertamus,
483 2638 555 2682 eum
580 2617 675 2681 etiam
701 2615 825 2684 Platoni
848 2613 948 2680 videri
968 2631 1096 2698 operam

155 2715 298 2794 dedisse,
327 2716 439 2781 eodem
464 2713 558 2780 oredo
587 2711 738 2792 oonsilio,
761 2734 823 2801 quo
849 2706 1100 2776 Demosthenem-

155 2835 281 2900 qnoque
300 2824 334 2877 ot
349 2810 448 2879 multo
469 2824 542 2898 post
562 2808 748 2876 Ciceronem
768 2808 907 2874 discendi
928 2827 1040 2872 caussa
1059 2805 1094 2868 in
1118 2809 1121 2814 ’

154 2911 344 2976 Academiae
370 2909 473 2996 spatia
499 2907 701 2975 descendisse
727 2909 913 2993 accepimus.
931 2905 962 2983 6)
1011 2897 1095 2968 Nona

223 3204 249 3267 ι)
268 3204 324 3260 cte.
343 3203 420 3257 Brut
439 3202 485 3258 56.
502 3204 536 3257 de
549 3204 624 3258 Orat.
637 3202 685 3269 lll,
695 3200 724 3257 l).
754 3203 868 3288 Quintil.
885 3196 1092 3264 t.0.tt‚8,11.

155 3288 230 3341 Suld.
249 3303 271 3339 s.
291 3302 317 3339 v.
335 3283 467 3358 Ἔφορος.

220 3385 247 3450 ²)
265 3388 349 3458 Βίας.
366 3384 461 3441 baert.
476 3384 523 3449 tv,
540 3385 569 3440 d.

221 3483 247 3550 3)
265 3487 348 3560 Diog.
371 3486 464 3542 Laert.
481 3485 515 3541 V.
535 3483 581 3541 ³9.
622 3485 747 3552 Imitatus
764 3490 808 3556 est
827 3483 943 3552 Longis.
963 3483 997 3536 ds
1017 3482 1091 3537 Subl

155 3566 451 3637 bstplfflm·
964 3596 969 3606 ·

223 3668 251 3732 ⁴)
268 3669 388 3724 Goeller.
403 3668 470 3727 Vile
485 3667 611 3738 Thucyd.
635 3681 662 3737 μ
677 3664 728 3728 tl.

222 3771 250 3834 ὃ)
270 3770 385 3824 l’hotius
402 3772 436 3826 T.
454 3771 475 3825 1.
492 3787 518 3840 p.
538 3767 601 3836 121,
616 3769 663 3824 2⁷.
724 3848 729 3859 Ο
827 3843 830 3851 ¹

223 3869 251 3936 6)
271 3873 327 3928 cic.
344 3873 420 3927 orat.
435 3873 461 3928 d.
478 3889 537 3944 seq.
564 3873 640 3928 Brut
658 3869 703 3928 ³1.
730 3868 801 3926 Plut.
817 3864 959 3923 Demostb.
976 3865 1073 3936 pult.
