2534 4658
522 354 731 424 ..57..

157 544 220 602 ᾳειν
304 518 352 584 ὅτι
372 519 463 605 ζήλου
482 521 533 596 καὶ
553 519 696 607 μιμήσεως
712 521 752 585 τὰ
766 518 827 603 εἴδη
845 520 907 596 τῶν
925 519 1023 599 λόγων
1043 525 1098 588 αὐ-

156 625 218 684 τῶν
240 615 277 682 οὐ
294 618 372 684 πάνυ
398 643 446 685 τοι
467 621 548 706 (leg.
568 625 624 700 τι),
653 616 824 701 μᾶλλονδὲ
851 617 920 690 οὐδ’
943 619 1018 695 ὅλως
1037 670 1044 685 .
1062 670 1096 685 ..

156 717 291 796 ἠξίωται,
319 715 409 796 παρὰ
434 725 498 789 τοῖς
514 712 650 797 Ἕλλησι,
674 713 816 801 καθάπερ
841 714 880 779 τὰ
901 721 963 781 τῶν
988 715 1098 793 ἄλλων,

159 811 226 879 οἷον
256 811 459 889 Θουκυδίδου,
484 810 675 897 Ἡροδότου,
698 812 876 889 Ἑκαταίου,
901 812 1100 897 Ξενοφῶντος,

156 916 219 976 τῶν
237 908 368 975 tonan:
386 914 448 975 nisi
468 911 551 975 hunc
571 911 675 976 locum
696 909 736 974 ad
758 910 883 975 dicendi
902 932 1016 995 genus,
1036 936 1099 999 quo

157 1013 209 1073 nsi
226 1022 299 1074 sunt
325 1004 549 1093 Theopompus
577 1020 610 1072 et
629 1007 786 1095 Ephorus,
813 1007 948 1071 referas:
975 1011 1009 1072 in
1038 1034 1100 1097 quo

159 1129 230 1171 eam
245 1105 371 1170 laudem
389 1105 495 1191 adepti
513 1119 652 1183 sunt,·ut
672 1107 752 1181 eius,
772 1106 877 1189 quiin
898 1105 1008 1170 eodem
1029 1131 1100 1192 per·

158 1203 346 1266 lectissimus
373 1203 548 1280 videretur,
575 1200 722 1266 Isocratis
754 1200 871 1266 similes
900 1199 1101 1284 haberentur,

158 1302 221 1385 ipsi
242 1298 281 1362 ad
302 1300 507 1362 imitationem
523 1300 657 1383 proponi
675 1299 890 1384 nequiverunt.
931 1297 1036 1387 Atque
1051 1305 1101 1366 in·

158 1391 285 1483 primiS,
312 1407 347 1457 ut
373 1397 504 1478 opinor,
530 1394 688 1479 displicuit
716 1397 750 1457 in
774 1393 836 1457 illis
859 1392 896 1457 τὸ
917 1396 1102 1476 supponendo

159 1489 277 1570 κάλλος,
298 1491 381 1578 quod
402 1491 484 1554 dixit
501 1489 632 1556 Photius
649 1487 731 1554 Biul.
753 1487 793 1554 Τ.
805 1489 845 1553 Π.
868 1515 899 1578 p.
910 1487 981 1561 487.
998 1491 1036 1557 Β.
1049 1497 1100 1557 28.
1188 1483 1189 1487 ’

160 1589 244 1677 quod
269 1588 354 1654 haud
380 1591 447 1652 scio
480 1608 521 1651 an
546 1589 580 1649 in
618 1589 723 1678 animo
756 1584 901 1651 habuerit
931 1588 1102 1656 Philostra-

160 1703 230 1764 tus,
271 1707 367 1773 quum
399 1706 455 1749 eos
490 1682 539 1747 his
571 1680 675 1746 verbis
715 1681 840 1771 oblique
876 1689 1102 1772 perstringeret

160 1783 240 1868 (Vir.
259 1781 357 1867 Soph.
378 1779 404 1859 l,
426 1781 476 1858 17,
496 1775 526 1842 l.
546 1801 577 1864 p.
597 1778 668 1842 506.
690 1778 809 1866 Olear.)
843 1778 1025 1863 Θεόπομπον
1042 1783 1101 1867 γὰρ
1134 1860 1136 1869 ᾗ

161 1878 214 1942 τὸν
233 1880 266 1941 ἐκ
288 1882 371 1941 Χίου
393 1875 516 1941 καὶτὸν
541 1879 680 1957 Κυμαῖον
694 1876 832 1960 Ἔφορον
852 1870 919 1939 οὔτ’
940 1877 977 1942 ἂν
996 1877 1103 1965 διαβά-

164 1974 252 2060 λοτμι,
273 1972 340 2038 οὔτ’
361 1973 398 2038 dv
419 1968 617 2056 θαυμάσαιμι.
1045 2050 1054 2065 ·

244 2072 296 2136 De
313 2070 362 2135 his
382 2071 531 2150 diximus,
554 2069 723 2157 inquibus
748 2066 895 2134 Isocratis
918 2071 1104 2158 discipulum

163 2190 417 2256 agnosceremus,
438 2169 564 2255 etquid
585 2170 683 2232 nimio
702 2169 862 2232 ornandae
882 2171 1033 2233 orationis
1054 2193 1104 2234 ar·

163 2267 264 2331 tificio
289 2267 485 2350 peccaverit,
515 2263 751 2349 explicavimus.
793 2264 969 2329 Differebat
996 2264 1104 2332 Theo·

163 2381 296 2449 pompus
311 2359 352 2423 ab
370 2359 508 2424 Isocrate
527 2363 646 2445 impetu
667 2373 699 2424 et
718 2360 927 2438 vehementia,
951 2374 1016 2425 tum
1037 2384 1104 2428 ma·

164 2463 250 2523 xime
271 2459 451 2542 conspicua,
471 2458 499 2521 si
523 2458 557 2519 iu
583 2459 742 2520 civitatum
762 2458 935 2544 ducumque
955 2459 1105 2544 improbi·

164 2569 259 2622 tatem
282 2554 497 2619 inveheretur:
524 2546 698 2618 cuiusmodi
724 2555 760 2616 in
782 2553 861 2618 locis
888 2576 960 2618 eum
982 2554 1105 2639 Diony-

164 2657 230 2717 sius
251 2673 292 2714 ne
310 2647 534 2715 Demosthenis
564 2650 688 2737 quidem
714 2653 863 2738 viatque
882 2653 1036 2736 gravitate
1056 2654 1105 2719 in=

164 2752 312 2814 seriorem
338 2769 409 2811 esse
438 2747 585 2811 affirmat.
635 2746 781 2811 Eletione
813 2760 905 2833 atque
941 2745 1105 2812 altitudine

166 2847 317 2911 orationis
338 2865 415 2908 suae
432 2840 627 2927 Thucydidis
645 2856 677 2906 et
687 2842 812 2908 Philisti
830 2845 964 2907 concisis
980 2859 1106 2909 senten-

164 2947 228 3022 tiis,
255 2960 478 3025 nonnunquam
505 2943 600 3006 etiam
626 2961 691 3005 uon
716 2942 794 3003 satis
820 2942 936 3025 apertis
961 2942 1107 3007 olfecisse

166 3041 279 3104 dicitur
297 3061 317 3101 a
332 3035 486 3100 Cicerone
504 3032 593 3100 Brut.
615 3035 664 3104 ll·
715 3032 752 3099 ln
777 3033 925 3100 hiscum
957 3038 1107 3102 credibile

167 3149 217 3200 est
238 3136 391 3200 oratorias
412 3145 507 3210 artes,
525 3132 689 3219 inquibus
706 3144 844 3194 aetatem
862 3147 1108 3217 consumpserat,

166 3234 305 3298 maxime
325 3242 518 3294 ostentasse:
538 3229 664 3292 modum
687 3241 791 3293 tamen
804 3241 836 3291 et
856 3228 907 3294 hic
929 3232 1108 3295 excessisse

167 3330 300 3395 videtur.
346 3324 503 3392 Plutarch.
530 3327 609 3411 reip.
637 3347 704 3411 ger.
730 3348 834 3411 praec.
865 3348 892 3390 o.
914 3325 943 3388 6.
972 3323 1013 3390 Τ.
1033 3322 1109 3391 Xll.

167 3451 199 3513 p.
222 3427 292 3491 150.
309 3424 353 3489 H.
374 3421 429 3508 (Τ.
448 3420 506 3486 Ν.
525 3443 555 3507 p.
578 3416 649 3484 2221.
669 3419 785 3506 wyte.)
811 3421 860 3484 ἒττδ
881 3418 914 3485 δὲ
935 3424 996 3484 τῶν
1015 3417 1111 3503 Ἐφό-

168 3547 225 3609 ρου
244 3521 295 3586 καὶ
316 3514 497 3626 Θεοπόμπου
518 3516 570 3580 καὶ
585 3515 786 3598 Ἀναξιμένους
807 3519 969 3604 ῥητορειῶν
989 3515 1041 3579 καὶ
1058 3539 1111 3581 πε·

169 3615 294 3704 ρνόδων,
325 3615 363 3691 ἃς
386 3618 573 3702 περαίνουσιν
605 3610 809 3689 ἐξοπλίσαντες
836 3614 876 3678 τὰ
906 3609 1111 3700 στρατεύματα
1179 3687 1181 3694 Ι

169 3716 221 3780 καὶ
238 3709 479 3800 παρατάξαντες,
502 3710 581 3776 ἔστιν
604 3712 707 3774 εἰπεῖν·
741 3707 843 3778 Οὐδεὶς
870 3708 993 3794 σιδήρου
1013 3715 1112 3774 ταῦτα
1178 3717 1182 3726 “

169 3815 309 3898 μωραίνει
323 3807 425 3883 uriae.
465 3807 672 3874 Memorabile
692 3807 882 3896 exemplum,
902 3829 945 3873 ex
964 3830 1026 3896 quo
1038 3829 1113 3894 pos·

172 3930 289 3989 sumus,
314 3931 375 3998 qua
395 3909 517 3975 ratione
537 3909 571 3972 in
591 3905 652 3972 hoc
672 3926 789 3993 genere
811 3919 951 3974 versatus
970 3908 1022 3984 sit,
1044 3909 1113 3972 exi·
