2534 4658
442 1255 838 1329 coMMsN‘ttnmo

605 1410 666 1466 DE

193 1548 476 1625 remoromm
500 1492 743 1626 cfflrvrm
766 1545 830 1620 nr
854 1544 1072 1635 scamus.

534 1727 733 1742 m

160 1810 249 1940 Ex
275 1898 384 1941 eorum
412 1897 542 1941 numero
570 1877 766 1961 scriptorum
795 1875 908 1963 quibus
938 1875 991 1943 vel
1011 1875 1105 1941 Criti-

159 1997 268 2041 corum
287 1975 444 2037 sententia
462 1985 494 2038 et
514 1975 683 2037 auctoritas
707 1972 759 2039 vel
787 1975 960 2038 communis
979 1973 1105 2060 quidam

159 2072 346 2136 iudiciorum
382 2088 556 2132 consensus
591 2070 763 2154 principem
798 2074 832 2135 in
868 2068 999 2134 historia
1027 2072 1104 2134 scri·

158 2165 263 2230 banda
283 2164 388 2229 locum
405 2165 599 2250 assignavit,
624 2176 688 2228 tres
708 2178 828 2231 tantum
848 2168 1031 2251 superstites
1047 2165 1103 2230 ha-

158 2262 285 2336 bemus,
323 2260 542 2337 Herodotum,
578 2255 814 2344 Thucydidem,
847 2257 1102 2348 Xenophontem.

104 2374 108 2389 ·
159 2356 283 2432 Quibus
304 2359 357 2442 qui
378 2354 453 2419 olim
476 2355 621 2419 videntur
641 2357 780 2423 adiuncti
800 2358 917 2436 luisse,
943 2359 1104 2437 Philistus,

159 2454 402 2539 Theopompus,
433 2449 597 2535 Ephorus,
626 2454 861 2532 Anaximenes,
892 2453 1103 2518 Callisthenes

159 2567 191 2617 et
213 2548 408 2625 ClitarchuS,
429 2570 539 2612 eorum
558 2572 632 2613 rara
651 2552 685 2612 in
704 2551 826 2613 erudita
848 2552 1030 2636 antiquitate
1048 2573 1103 2614 ve-

158 2650 253 2734 stigia
272 2645 458 2732 colligimus.
501 2644 566 2708 Sed
586 2644 678 2709 nobis
698 2667 738 2710 ne
758 2637 879 2710 minuta
899 2647 1025 2733 quidem
1044 2651 1103 2712 im·

157 2746 241 2808 mitis
262 2744 455 2828 tempestatis
470 2740 623 2827 reliquiae
646 2742 893 2807 contemnendae
913 2755 1001 2806 sunt:
1024 2764 1103 2831 quas

156 2863 221 2905 non
247 2842 317 2904 sine
343 2859 458 2923 magno
492 2849 525 2902 et
553 2835 715 2902 doctrinae
741 2851 774 2902 et
804 2837 973 2924 voluptatis
999 2839 1103 2904 fructu

157 2961 200 3002 ex
217 2935 325 3002 multis
343 2934 570 3020 disparatisque
589 2931 669 2997 locis
690 2937 878 3021 congregari
902 2947 1001 3022 atque,
1017 2957 1103 3001 com·

154 3037 241 3120 poni,
263 3054 327 3097 una
348 3042 380 3093 et
401 3032 601 3093 consentiens
619 3029 782 3096 doctorum
808 3031 970 3096 hominum
994 3035 1103 3118 opinio

156 3144 214 3194 est.
262 3128 377 3194 Amavi
407 3124 609 3204 Ciceronem,
644 3129 715 3213 qui,
744 3130 894 3216 quaestor
921 3131 957 3193 in
984 3127 1104 3204 Sicilia,

154 3225 353 3292 Archimedis
372 3221 566 3308 sepulcrum,
589 3236 713 3308 septum
739 3226 877 3311 undique
905 3237 938 3288 et
956 3226 1103 3288 vestitum

155 3322 303 3409 vepribus
324 3332 357 3384 et
376 3319 509 3382 dumetis
537 3330 630 3405 atque
659 3317 700 3385 ab
724 3321 802 3405 ipsis
824 3320 961 3384 hominis
988 3322 1103 3383 acutis-

156 3420 228 3482 simi
244 3415 366 3482 civibus
391 3418 589 3502 ignoratum,
613 3416 778 3501 indagavit
802 3428 895 3502 atque
923 3418 1055 3501 aperuit.
1074 3415 1102 3499 ¹)

155 3513 224 3586 Nec
251 3514 393 3599 proiecto
417 3511 516 3578 ullum
546 3524 595 3576 est
622 3532 727 3601 genus
752 3508 871 3577 laboris
899 3526 955 3579 aut
981 3511 1103 3577 dulcius

227 3836 252 3900 ¹)
271 3837 327 3896 cte.
345 3837 428 3890 Taso.
445 3836 523 3907 Disp.
542 3834 577 3900 V,
592 3833 639 3890 23.
