2534 4658
522 393 729 459 ..15-

157 580 190 631 et
212 557 321 631 decem
348 565 491 630 triremes
519 574 734 639 concesserat,
768 558 1026 626 Halicarnassum
1051 562 1098 626 di·.

155 685 284 750 gressus
302 675 361 728 est.
380 662 409 747 ¹)
452 657 517 726 set
537 672 701 746 postquam
719 656 918 738 Alexander,
939 658 1099 724 Phoenice

156 772 189 824 et
205 758 301 843 Syria
318 770 464 844 recepta,
493 755 534 821 ad
552 754 731 841 Aegyptum
748 777 847 841 nsque
870 747 1100 840 penetraverat,

155 854 246 942 plebs
271 852 433 931 Chionen,
463 851 627 917 navalibus
646 850 823 917 Alexandri
847 855 946 937 copiis
966 855 1101 918 advoca-

157 953 216 1029 tis,
242 949 408 1015 Persarum
435 949 626 1038 praesidium
653 950 764 1013 eiecit:
793 959 856 1035 quo
889 949 1099 1014 factoetiam

158 1045 285 1111 Lesbus
315 1060 348 1112 at
373 1044 439 1111 Cos
470 1067 491 1111 a
516 1041 745 1109 Macedonibus
778 1059 982 1131 recuperatae
1013 1057 1100 1109 sunt.

157 1141 379 1229 Apollonidem
415 1162 490 1206 vero
527 1139 662 1218 Chium,
700 1137 881 1219 Phisinum,
908 1139 1102 1228 Megareum

159 1253 341 1328 ceterosque
368 1239 554 1304 delectionis
581 1235 732 1302 Chiorum
761 1251 905 1302 auctores
932 1237 973 1302 ab
991 1238 1102 1324 Hege-

158 1335 268 1415 locho,
300 1334 529 1402 Macedonicae
558 1333 668 1398 classis
696 1334 794 1410 duce,
829 1334 894 1418 (cf.
915 1333 1040 1399 Arriam
1060 1330 1102 1411 11,

159 1436 191 1511 2,
212 1433 256 1519 6.)
276 1436 311 1499 in
334 1432 516 1519 Aegyptum
543 1430 693 1495 deductos
720 1443 752 1493 et
774 1428 1022 1517 Elephantinen,
1043 1453 1103 1495 ex-

159 1544 291 1596 tremam
311 1533 380 1595 eius
399 1523 580 1616 provinciae
600 1525 720 1608 urbem,
737 1527 896 1615 relegatos
916 1527 1102 1594 Alexander

160 1629 226 1693 acri
242 1627 385 1692 custodia
405 1624 618 1691 circmndedit.
633 1625 664 1708 ²)

132 1764 136 1768 -
174 1768 177 1777 .
223 1722 315 1790 ¹Jam
338 1723 493 1809 duplicem
519 1723 675 1787 rationem
700 1723 774 1786 iniri
798 1743 894 1808 possa
921 1724 1032 1800 video,
1057 1736 1102 1787 'ut

160 1819 401 1907 Theopompmn
420 1832 476 1883 aut
494 1817 553 1882 suh
564 1820 668 1904 ipsum
679 1817 853 1883 Alexandri
868 1823 902 1884 in
914 1819 1025 1886 Asiam
1046 1820 1102 1886 ad·

161 1930 300 1994 ventum,
321 1929 393 2001 post
411 1937 550 2003 pugnam
567 1914 609 1978 ad
621 1913 802 1995 Granicum,
823 1915 948 2003 Olymp.
963 1915 1051 1996 cxl,
1070 1917 1102 1981 3.

161 2011 234 2079 334.
252 2037 282 2079 a.
310 2011 386 2078 Chr.
413 2010 535 2077 civibus
562 2011 629 2075 suis
659 2013 907 2076 commendatum
934 2034 1022 2094 esse,
1049 2028 1104 2079 aut

161 2124 234 2199 post
258 2123 416 2196 receptam
441 2108 578 2187 Chium,
604 2107 637 2173 h.
657 2108 833 2195 c.·Olymp.
854 2106 957 2189 CXII,
980 2113 1009 2175 l.
1029 2112 1102 2177 332.

162 2231 182 2273 a
208 2205 284 2272 Chr.
307 2210 392 2293 regis
419 2209 522 2294 gratia
545 2209 579 2271 in
600 2208 733 2294 patriam
758 2207 892 2272 rediisse
919 2221 1102 2274 statuamus.

161 2302 306 2368 Difficile
335 2303 421 2368 dictu
455 2315 522 2381 est,
551 2315 656 2368 utrum
684 2303 797 2368 horum
829 2305 935 2370 verius
967 2308 1019 2370 sit.
1066 2304 1104 2372 Si

163 2402 269 2488 prius,
288 2412 325 2462 ut
343 2419 405 2485 ego
427 2400 565 2463 maxime
586 2401 714 2484 opinor;
741 2413 834 2464 natus
854 2413 904 2464 est
923 2399 1105 2490 Theopom-

163 2518 224 2585 pus
248 2495 374 2581 Olymp.
400 2493 438 2572 C,
459 2497 505 2558 2.:
536 2498 587 2559 sin
619 2499 775 2583 posterius
807 2496 994 2583 probamus,
1025 2500 1104 2567 duo-

162 2592 224 2658 bus
244 2594 335 2657 annis
356 2594 514 2657 recentior
532 2591 580 2656 fia

176 2766 185 2784 ·
248 2689 293 2755 At
310 2701 504 2778 repugnant,
531 2691 673 2776 inquies,
703 2689 824 2756 Plinius
841 2705 873 2755 et
893 2691 1023 2771 Suidas,
1049 2695 1105 2778 qui

164 2792 195 2854 si
221 2809 297 2852 vera
333 2785 374 2851 do
405 2801 562 2874 tempore,
594 2808 656 2873 qno
684 2783 849 2852 Mausolus
882 2803 1024 2856 mortuus
1053 2796 1106 2870 sit,

164 2885 375 2962 tradiderunt,
402 2881 473 2947 lieri
497 2904 562 2948 non
587 2895 708 2969 potest,
736 2896 773 2947 ut
791 2883 979 2973 Olympiada
1001 2903 1105 2954 cente.

165 2988 246 3049 shna
271 2995 365 3046 natus
388 2982 430 3044 sit
454 2976 690 3066 Theopompus.
723 2981 791 3061 'Ex
812 2981 873 3047 hoc
893 3004 952 3049 uos
974 2985 1106 3050 difficul-

166 3094 231 3145 tate
249 3078 379 3165 expedit
396 3075 574 3154 Diodorus,
601 3079 655 3164 qui
677 3075 856 3144 Mausolum
886 3082 1017 3167 integris
1044 3103 1106 3146 cem

167 3175 406 3262 Olympiadibns
437 3187 470 3238 et
495 3173 579 3261 quod
606 3177 746 3240 excurrit
769 3190 841 3264 post
865 3176 991 3265 Olymp.
1017 3175 1056 3256 C,
1075 3181 1107 3244 2.

167 3277 288 3339 vixisse
307 3273 400 3337 docet
418 3271 492 3336 Lib.
510 3267 603 3336 XVI.
622 3294 650 3335 c.
670 3271 722 3335 36.
773 3273 821 3339 Ac
842 3294 883 3336 ne
907 3273 988 3337 forte
1009 3273 1106 3353 dicas,

167 3393 290 3437 enasse
311 3368 471 3435 hominem
488 3368 700 3455 negligentiae
713 3390 809 3453 saepe
827 3370 1013 3448 convictum,
1033 3369 1106 3458 lege

168 3469 304 3535 eundem
329 3466 404 3532 Lib.
427 3463 520 3532 xvt.
548 3481 577 3531 c.
601 3463 632 3536 7.
664 3463 720 3531 ubi
748 3461 928 3531 Mausolum
956 3466 1045 3534 Chiis
1072 3472 1107 3533 in

238 3766 263 3858 l)
279 3764 386 3820 Arrian.
403 3765 437 3820 de
454 3766 559 3836 Expad.
576 3765 652 3819 Alex.
667 3764 703 3829 ll,
714 3760 760 3828 1³,
776 3764 802 3829 h.
817 3764 911 3820 t-a.

237 3865 264 3932 2)
279 3869 385 3926 mma.
402 3867 436 3923 de
451 3867 555 3938 Exped.
572 3867 648 3925 Alex.
662 3866 710 3934 111,
728 3867 756 3932 2,
773 3866 799 3934 §-
816 3867 908 3925 t-a.
