2534 4658
605 371 813 435 ..30-

238 540 375 626 positum
398 535 485 602 haud
508 535 600 602 facile
631 538 672 602 ad
701 539 892 625 posteritatis
917 537 1100 600 memoriam
1124 534 1183 601 ad·

238 640 353 723 spirat:
387 633 587 722 quamohrem
619 633 819 721 Theopompi
855 656 977 722 quoquc
1010 636 1181 710 orationes,

238 735 379 820 quamvis
399 753 528 796 numero
550 729 633 796 haud
653 750 789 818 paucae,
807 732 1040 797 interciderunt.

319 826 392 893 Non
413 829 641 913 praetereunda
669 841 717 892 est
740 827 802 892 hoc
828 828 900 893 loco
927 831 1006 893 scita
1029 826 1180 892 observa·

237 927 281 989 tio
305 922 488 989 Ruhnkenii
513 924 613 1008 (Hist.
637 922 713 987 Crit.
739 946 770 1008 p
794 924 863 988 159.
871 924 902 1008 ),
928 925 1092 1012 plerosque
1110 923 1179 988 Iso·

237 1020 330 1084 cratis
350 1021 519 1108 discipulos
546 1022 585 1085 ad
606 1020 769 1085 historiam
791 1019 987 1111 scribendam
1009 1043 1044 1086 se
1067 1034 1179 1085 contu-

157 1126 164 1135 '
234 1116 325 1181 lissa:
353 1120 388 1182 in
414 1143 475 1207 qua
498 1131 618 1204 regnat
638 1134 749 1182 suave
762 1117 839 1182 illud
864 1140 969 1202 genus
993 1130 1025 1182 et
1049 1121 1179 1183 concin-

235 1235 328 1290 num,
356 1218 545 1280 narrationis
572 1230 698 1292 tenore,
727 1227 884 1301 tamquam
904 1215 1059 1300 pellucido
1081 1217 1177 1292 omni,

234 1324 345 1396 sponte
372 1311 474 1376 fluens
503 1334 561 1375 nec
586 1334 717 1397 usquam
743 1311 988 1388 adhaerescens,
1018 1311 1101 1396 quod
1129 1310 1178 1374 illi

234 1428 277 1470 ex
301 1406 449 1472 Isocratis
484 1408 647 1493 disciplina
676 1409 859 1473 retulerunt.
914 1407 1018 1494 Atque
1044 1407 1176 1493 Ephoro

233 1505 357 1592 quidem
377 1518 409 1569 et
430 1503 656 1590 Theopompo,
684 1517 830 1591 utsupra
852 1504 1004 1582 diximus,
1032 1507 1101 1590 ipse
1120 1505 1179 1569 de·

232 1605 369 1687 signavit
384 1601 539 1667 Isocrates
560 1615 744 1686 argumenta
765 1622 844 1687 quae
864 1612 1044 1662 tractarent.
1080 1597 1176 1665 Nunc

231 1695 291 1762 hoc
310 1701 499 1763 monendum
520 1712 584 1776 est,
612 1694 851 1782 Theopompum
879 1709 909 1759 et
934 1710 1054 1760 mature
1074 1696 1175 1762 histo·

229 1797 309 1859 riam
335 1794 471 1860 scrihere
501 1816 685 1880 aggressum
710 1816 797 1872 esso,
826 1815 927 1879 neque
955 1792 1011 1857 ulli
1036 1799 1174 1880 sumptui

230 1907 285 1956 aut
305 1891 408 1956 lahori
426 1894 622 1976 pepercisse,
650 1905 734 1955 utet
757 1913 861 1955 rerum
888 1889 968 1953 fides
992 1913 1029 1954 ac
1054 1893 1173 1956 veritas

230 2000 405 2066 constaret,
433 2009 535 2073 neque
555 1991 716 2059 orationis¹
735 1987 893 2072 elegantia
923 2002 954 2051 et
970 1989 1107 2052 iucunda
1125 1989 1173 2053 le-

229 2084 375 2170 gentibus
403 2087 578 2170 argumenti
605 2087 741 2148 varietas
774 2085 1012 2148 desideraretur.
1062 2085 1173 2175 ltaque

228 2204 269 2246 ne
292 2185 450 2247 nescirent
468 2179 621 2258 lectoreS,
641 2180 838 2267 (quamquam
859 2204 951 2246 nemo
972 2187 1092 2267 potuit,
1117 2187 1172 2271 qui

227 2279 278 2343 vel
304 2278 404 2343 obiter
430 2276 544 2343 librum
568 2280 777 2362 inspexisset,
803 2272 1006 2364 ignorare)
996 2300 1065 2393 ipse
1093 2283 1171 2344 scri·

225 2390 314 2464 ptum
327 2375 468 2491 reliquit,
489 2375 516 2458 ¹)
537 2395 632 2461 seque
658 2395 722 2438 non
744 2373 845 2438 solum
863 2397 994 2462 magnas
1014 2379 1049 2438 in
1068 2378 1170 2440 omnis

226 2475 353 2559 generis
380 2484 561 2558 apparatum
585 2474 743 2556 impensas
770 2471 903 2550 fecisse,
939 2493 1046 2536 verum
1074 2476 1169 2538 etiam

225 2569 322 2634 multa
338 2573 442 2655 ipsum
465 2570 581 2632 vidisse
601 2579 693 2652 atque
715 2589 785 2632 cum
805 2571 864 2646 iis,
888 2572 942 2655 qui
967 2581 1032 2641 tuin
1050 2574 1169 2656 princi·

140 2725 143 2733 .
224 2688 297 2755 pem
317 2669 351 2730 in
371 2664 548 2730 civitatibus
573 2664 678 2729 locum
699 2663 893 2743 obtinerent,
917 2678 949 2730 ot
971 2668 1167 2752 imperatori·

223 2763 283 2830 bus
309 2777 341 2828 et
365 2760 540 2827 oratoribus
565 2774 597 2825 ct
624 2760 819 2846 philosophis
852 2759 1063 2848 colloquutum
1094 2785 1167 2828 esse

224 2862 315 2926 dixit.
353 2858 550 2942 Aleprandro·
569 2870 679 2922 notum
710 2868 931 2946 acceptumque
948 2859 1049 2924 fuisse
1070 2881 1167 2946 supra

222 2958 372 3051 ¹vidimus:
394 2977 454 3042 ego
477 2954 569 3019 credo
589 2954 684 3018 ctiam
709 2952 874 3040 Philippo,
900 2979 992 3044 quem
1018 2961 1164 3024 encomio

205 3323 208 3330 .
288 3279 396 3344 ¹)Hoc
411 3276 551 3346 colligitur
567 3293 601 3330 cx
619 3274 737 3346 Dionys.
755 3276 844 3347 Epist.
866 3279 902 3332 ad
922 3279 1017 3350 Pomp.
1037 3280 1098 3338 Vol.
1113 3284 1161 3340 Vl.

219 3380 247 3437 p.
264 3359 328 3416 ⁷83.
346 3357 495 3454 δῆλοςγσὶς
513 3360 590 3421 ἐ,στιν
614 3353 645 3412 εἰ
666 3356 726 3412 καὶ
746 3357 895 3457 μηὸιὲνῃ
879 3378 1046 3432 ινραψι,
1038 3363 1161 3434 πλείστην

217 3444 267 3518 μὲν
281 3434 452 3514 παρασκευὴν
465 3434 502 3502 ἐἷς
519 3439 601 3492 ταῦτα
615 3440 868 3513 παρεσκευασμένος,
883 3439 1007 3508 μεγίστας
1024 3439 1053 3495 δὲ
1068 3441 1160 3499 δαπά-

218 3543 268 3587 νας
286 3517 322 3584 εἷς
345 3517 392 3586 τὴν
409 3516 568 3592 σαναγωγὴν
580 3515 664 3574 αὐτῶν
679 3517 813 3583 τετελεκώς
837 3527 890 3576 cto
926 3522 1158 3579 ctr.nthen.111.

217 3623 246 3678 p.
263 3603 309 3658 85.
328 3604 415 3656 A.-
380 3599 601 3671 -Θεσιιόμπσυ
625 3603 673 3656 τοῦ
687 3603 771 3696 Xiov,
798 3598 896 3673 ἀνδρὸς
917 3600 1086 3671 φιλαλήθους
1110 3604 1158 3660 και

215 3682 300 3743 πολλὰ
327 3678 454 3781 χρήματα
481 3679 715 3747 καταναλωσαντος
745 3677 782 3746 εἰς
804 3679 850 3753 τὴν
878 3679 939 3757 περὶ
961 3685 1006 3753 τῆς
1036 3683 1158 3758 ἱστορίας

215 3769 332 3837 ἐξέτασιν
353 3756 460 3837 inpiae
