2534 4658
601 365 811 436 ...kh-

229 537 348 604 Polluc.
371 535 414 618 V,
433 528 500 603 ia*
534 537 645 606 Potest
672 544 769 606 etiam
793 541 834 606 de
857 555 998 628 tempore
1028 545 1184 612 editorum

228 635 475 723 Philippicorum
495 640 619 723 quaeri:
642 637 682 702 do
701 659 763 724 quo
781 639 856 704 licet
878 644 956 705 certi
976 640 1057 705 nihil
1075 643 1184 707 eil'erri

229 754 324 821 posse
352 734 506 809 videatur,
531 733 594 798 boc
619 748 724 799 tamen
751 734 915 821 probabile
941 748 1030 824 puto,
1055 761 1095 803 ea
1117 760 1183 804 nou

228 852 300 895 esse
324 833 397 895 vivo
407 830 592 896 Alexandro
613 831 772 917 evulgata.
816 831 990 922 Quodque
1011 835 1051 899 de
1070 845 1184 901 cerusa

227 929 274 991 ita
290 915 368 992 milri
389 926 544 1006 videatur,
572 943 639 994 tum
659 928 761 994 dicam
787 929 843 996 ubi
862 931 989 1017 Polybii
1010 934 1050 998 ‹le
1072 932 1182 999 Theo-

227 1045 345 1111 pompo
361 1024 512 1089 iudicium
530 1019 732 1092 examinabo.

310 1121 461 1186 Proximo
483 1125 694 1188 nominandus
715 1137 766 1188 est
791 1125 1097 1208 ΤΡΙΚΑΡΑΝΟΣ,
1127 1133 1183 1216 qui

225 1215 307 1282 liber
328 1239 424 1305 quum
443 1223 603 1284 rarissime
625 1243 645 1286 a
665 1219 826 1287 veteribus
847 1221 1003 1304 laudetur,
1035 1247 1077 1290 no
1098 1227 1182 1291 tituli

226 1318 353 1406 quidem
372 1318 528 1395 rationem
556 1321 618 1382 viri
646 1319 731 1384 docti
757 1319 978 1404 expedierunt.
1019 1321 1182 1410 Suspicari

225 1414 343 1501 aliquid
353 1435 521 1501 possumus
532 1436 575 1479 ex
589 1416 725 1483 Luciani
740 1414 932 1502 Pseudolog.
946 1417 997 1481 29.
1017 1416 1111 1484 Tom.
1122 1417 1180 1484 111.

223 1535 256 1600 p.
280 1512 350 1577 185.
372 1512 474 1578 Reitz.
499 1515 545 1579 τίι
572 1509 669 1586 οὕτως
694 1512 727 1575 ἐν
750 1506 850 1587 λόγοις
877 1509 1111 1598 μεγαλότολμος,
1135 1514 1182 1590 ’ὡς

224 1609 275 1673 ἐπὶ
295 1605 439 1692 μὲντοὺς
459 1618 538 1692 τρεῖς
558 1608 680 1691 μοιχοὺς
697 1606 765 1672 uiuri
791 1609 898 1688 ξίφους
922 1614 1060 1695 τρίαιναν
1077 1615 1181 1694 αἰτεῖν,

224 1705 278 1772 τὸν
297 1704 331 1772 δὲ
352 1704 534 1791 Θεόπομπον
560 1705 611 1768 ἐπὶ
635 1709 681 1786 τῷ
703 1702 882 1789 Τρικαράνῳ
909 1711 1049 1792 κρίνοντα
1075 1707 1179 1792 φάναι,

223 1801 386 1892 τριγλώχινι
403 1801 486 1885 λόγῳ
506 1801 708 1894 καθῃρηκέναι
722 1799 818 1866 αὐτὸν
836 1803 893 1876 τάς
905 1802 1101 1887 προύχούσας
1119 1807 1180 1870 πό·

223 1901 280 1977 λὲις
298 1901 352 1967 καλ
371 1900 477 1982 πάλιν,
492 1901 697 1986 ἐκτριαινῶσαι
717 1897 811 1963 αὐτὸν
830 1899 885 1982 τὴν
898 1898 1044 1984 Ἑλλάδα,
1063 1903 1117 1968 καλ
1136 1900 1180 1968 εἶ-

223 2024 272 2067 ναι
282 2001 437 2086 Κέρβερον
453 1999 484 2061 ἐν
504 2006 570 2071 τοῖς
589 1993 697 2073 λάροις.
738 1993 803 2062 Ubi
818 1996 981 2064 Gesnerus
992 2023 1087 2087 quum
1101 2009 1177 2084 Τρι-
1206 2014 1207 2019 ’

222 2096 350 2181 κάρανα,
372 2095 535 2163 castellum
561 2107 665 2158 terrae
686 2092 845 2159 Phliasiae
866 2092 1031 2183 (Xenoph.
1051 2098 1095 2163 H.
1118 2099 1176 2164 Gr.

222 2196 348 2276 V11,2,
368 2198 397 2260 1.
424 2192 531 2280 ibique
561 2190 744 2256 Schneider.
769 2191 809 2255 cf.
836 2190 925 2256 Suid.
956 2207 989 2258 et
1018 2194 1176 2282 llarpocr.
1207 2219 1210 2224 ·

222 2316 248 2359 s.
270 2316 302 2359 v.
321 2292 447 2359 Miiller.
473 2290 513 2353 de
542 2285 622 2352 Dor.
639 2286 680 2351 ll.
712 2309 744 2374 p.
763 2282 849 2372 434.)
877 2310 920 2354 ex
947 2292 1048 2377 ipsius
1067 2290 1177 2358 Theo-

219 2393 328 2479 pompi
348 2388 428 2454 libro
448 2384 522 2450 LV.
545 2381 629 2472 apud
655 2384 764 2472 Steph.
794 2381 872 2468 Byz.
900 2408 927 2450 s.
948 2408 979 2450 v.
1008 2389 1176 2469 attulisset,

220 2487 378 2568 „Videtur
404 2507 493 2572 ergo,
520 2484 634 2569 inquit,
659 2484 694 2546 iu
717 2480 772 2546 illo
800 2481 881 2547 libro
911 2504 1174 2551 commemorasse

220 2589 377 2651 actionem
397 2582 534 2670 aliquam
555 2596 646 2644 suam
658 2576 897 2663 Theopompus,
919 2602 980 2666 qua
1001 2582 1040 2646 de
1061 2581 1175 2648 Trica·

218 2681 298 2749 rano
325 2680 539 2747 iudicaverit.”
583 2675 658 2742 Alio
692 2673 765 2739 loco
793 2676 855 2753 (ad
886 2676 1021 2742 Luciau.
1048 2676 1089 2743 Τ.
1115 2678 1174 2745 ΙΠ.

218 2805 250 2869 p.
263 2781 353 2859 383.)
372 2776 488 2843 oblitus
499 2794 619 2850 eorum,
637 2794 718 2859 quae
733 2794 829 2858 supra
844 2775 1023 2859 scripserat,
1043 2790 1173 2841 auctore
1188 2812 1191 2818 ·

218 2891 254 2942 ut
272 2878 397 2942 videtur
414 2873 444 2938 J.
464 2872 506 2939 A.
527 2869 675 2936 Fabricio
695 2866 777 2933 Bibl.
800 2866 915 2935 Graec.
936 2869 979 2937 Τ.
993 2872 1034 2937 ll.
1055 2897 1087 2959 p.
1098 2875 1172 2938 503.

219 2966 409 3057 Τρικάρανον
428 2973 511 3034 inter
532 2968 712 3033 comoedias
727 2965 928 3056 Theopompi
939 2970 1171 3057 (Atheniensis)

217 3072 395 3160 deperditas
416 3069 516 3133 irrisae
537 3067 622 3130 dicit.
662 3064 804 3130 Prorsus
825 3066 981 3133 mirabilia
1002 3070 1094 3133 affert
1113 3070 1170 3133 ‹lo-

218 3173 375 3235 ctiasimus
392 3166 525 3251 Moyses
546 3161 694 3227 Solonas.
731 3160 780 3228 Ao
800 3163 963 3229 Gesnerus
988 3166 1113 3252 quidem
1134 3168 1169 3230 in

216 3268 353 3332 Luciani
386 3262 493 3328 verbis
528 3260 783 3345 interpretandis
806 3261 939 3326 mirifice
965 3261 1073 3348 lapsus
1109 3277 1169 3342 est,

216 3345 311 3452 qutun
331 3365 470 3442 κρίνοντα
486 3359 525 3424 ad
538 3355 942 3444 'ilreopompumreteretz
963 3370 1028 3423 tum
1043 3359 1169 3446 quidem

216 3475 302 3530 certe
322 3461 470 3546 oportuit,
492 3457 576 3542 quod
590 3457 742 3542 sequitur,
762 3450 854 3517 αὐτὸν
873 3452 1020 3519 deletum.
1059 3456 1168 3543 Ipsum

215 3581 341 3648 quoque
359 3576 460 3643 genus
477 3552 627 3639 loquendi
646 3553 856 3618 offensionem
873 3549 1052 3618 habiturum
1072 3567 1167 3617 esset.

215 3657 299 3724 Num
325 3655 430 3736 spitus
456 3648 526 3712 τινὰ
552 3647 603 3711 ἐπί
627 3670 682 3712 τινι
708 3644 891 3732 (ἐγκλήματι
919 3648 971 3713 vel
991 3647 1166 3734 ἀδικήματι)

105 3791 107 3795 ·
216 3759 332 3841 optime
352 3751 482 3815 dicitur:
502 3747 606 3833 κρίνειν
624 3745 676 3807 ἐπί
694 3764 837 3823 τινα-ναι
855 3745 971 3824 iudice,
1000 3768 1041 3811 ue
1064 3747 1167 3812 Grae·

215 3875 285 3917 eum
303 3849 428 3938 quidem
441 3858 500 3910 est.
541 3842 607 3915 Sed
630 3838 648 3903 ὁ
668 3842 776 3925 κρίνων
794 3853 842 3906 est
854 3839 1074 3925 μιναλάτολιιος
1094 3846 1168 3921 iste,
