<?xml version="1.0" encoding="UTF-8"?>
<!DOCTYPE html PUBLIC "-//W3C//DTD XHTML 1.0 Transitional//EN"
    "http://www.w3.org/TR/xhtml1/DTD/xhtml1-transitional.dtd">
<html xmlns="http://www.w3.org/1999/xhtml" xml:lang="en" lang="en">
 <head>
  <title>
</title>
<meta http-equiv="Content-Type" content="text/html;charset=utf-8" />
  <meta name='ocr-system' content='tesseract 3.04.00' />
  <meta name='ocr-capabilities' content='ocr_page ocr_carea ocr_par ocr_line ocrx_word'/>
</head>
<body>
  <div class='ocr_page' id='page_1' title='image "./detheopompichii00pflugoog_0029.png"; bbox 0 0 2534 4658; ppageno 0'>
   <div class='ocr_carea' id='block_1_1' title="bbox 534 346 813 417">
    <p class='ocr_par' dir='ltr' id='par_1_1' title="bbox 534 346 813 417">
     <span class='ocr_line' id='line_1_1' title="bbox 534 346 813 417; baseline 0 -1"><span class='ocrx_word' id='word_1_1' title='bbox 534 352 739 417; x_wconf 78' lang='grc'><strong>-10-</strong></span> <span class='ocrx_word' id='word_1_2' title='bbox 811 346 813 349; x_wconf 63' lang='grc'><strong>’</strong></span> 
     </span>
    </p>
   </div>
   <div class='ocr_carea' id='block_1_2' title="bbox 73 509 1149 3514">
    <p class='ocr_par' dir='ltr' id='par_1_2' title="bbox 73 509 1149 3514">
     <span class='ocr_line' id='line_1_2' title="bbox 166 509 1107 602; baseline -0.003 -24"><span class='ocrx_word' id='word_1_3' title='bbox 166 533 227 578; x_wconf 84' lang='lat' dir='ltr'><strong>nus</strong></span> <span class='ocrx_word' id='word_1_4' title='bbox 244 525 329 579; x_wconf 84' lang='lat' dir='ltr'><strong>recte</strong></span> <span class='ocrx_word' id='word_1_5' title='bbox 348 514 583 582; x_wconf 84' lang='lat' dir='ltr'><strong>Demostratum</strong></span> <span class='ocrx_word' id='word_1_6' title='bbox 605 513 751 602; x_wconf 88' lang='lat' dir='ltr'><strong>appellat.</strong></span> <span class='ocrx_word' id='word_1_7' title='bbox 799 511 852 578; x_wconf 89' lang='lat' dir='ltr'><strong>De</strong></span> <span class='ocrx_word' id='word_1_8' title='bbox 878 525 981 581; x_wconf 87' lang='lat' dir='ltr'><strong>aetate</strong></span> <span class='ocrx_word' id='word_1_9' title='bbox 999 509 1107 576; x_wconf 88' lang='lat' dir='ltr'><strong>Theo·</strong></span> 
     </span>
     <span class='ocr_line' id='line_1_3' title="bbox 165 606 1106 697; baseline -0.002 -24"><span class='ocrx_word' id='word_1_10' title='bbox 165 613 273 696; x_wconf 92' lang='lat' dir='ltr'><strong>pompi</strong></span> <span class='ocrx_word' id='word_1_11' title='bbox 304 617 449 680; x_wconf 79' lang='lat' dir='ltr'><strong>certiora.</strong></span> <span class='ocrx_word' id='word_1_12' title='bbox 466 625 663 690; x_wconf 84' lang='lat' dir='ltr'><strong>teneremus,</strong></span> <span class='ocrx_word' id='word_1_13' title='bbox 693 614 723 678; x_wconf 86' lang='lat' dir='ltr'><strong>si</strong></span> <span class='ocrx_word' id='word_1_14' title='bbox 751 611 949 697; x_wconf 76' lang='lat' dir='ltr'><strong>superstitem</strong></span> <span class='ocrx_word' id='word_1_15' title='bbox 973 606 1106 672; x_wconf 87' lang='lat' dir='ltr'><strong>habere-</strong></span> 
     </span>
     <span class='ocr_line' id='line_1_4' title="bbox 166 703 1133 794; baseline -0.001 -26"><span class='ocrx_word' id='word_1_16' title='bbox 166 727 236 769; x_wconf 89' lang='lat' dir='ltr'><strong>mus</strong></span> <span class='ocrx_word' id='word_1_17' title='bbox 259 705 374 775; x_wconf 89' lang='lat' dir='ltr'><strong>librum</strong></span> <span class='ocrx_word' id='word_1_18' title='bbox 399 707 589 794; x_wconf 77' lang='lat' dir='ltr'><strong>singularem</strong></span> <span class='ocrx_word' id='word_1_19' title='bbox 611 705 801 794; x_wconf 59' lang='lat' dir='ltr'><strong>Hermippo,</strong></span> <span class='ocrx_word' id='word_1_20' title='bbox 827 710 862 772; x_wconf 94' lang='lat' dir='ltr'><strong>in</strong></span> <span class='ocrx_word' id='word_1_21' title='bbox 887 728 949 793; x_wconf 88' lang='lat' dir='ltr'><strong>quo</strong></span> <span class='ocrx_word' id='word_1_22' title='bbox 973 705 1014 770; x_wconf 83' lang='lat' dir='ltr'><strong>de</strong></span> <span class='ocrx_word' id='word_1_23' title='bbox 1034 703 1106 768; x_wconf 82' lang='lat' dir='ltr'><strong>Iso·</strong></span> <span class='ocrx_word' id='word_1_24' title='bbox 1125 752 1133 758; x_wconf 84' lang='lat'><strong>.-</strong></span> 
     </span>
     <span class='ocr_line' id='line_1_5' title="bbox 166 799 1107 891; baseline -0.002 -27"><span class='ocrx_word' id='word_1_25' title='bbox 166 809 267 868; x_wconf 81' lang='lat' dir='ltr'><strong>cratr’s</strong></span> <span class='ocrx_word' id='word_1_26' title='bbox 289 804 454 888; x_wconf 70' lang='lat' dir='ltr'><strong>discipulis</strong></span> <span class='ocrx_word' id='word_1_27' title='bbox 484 807 643 891; x_wconf 78' lang='lat' dir='ltr'><strong>exposuit.</strong></span> <span class='ocrx_word' id='word_1_28' title='bbox 689 803 770 870; x_wconf 82' lang='lat' dir='ltr'><strong>vid.</strong></span> <span class='ocrx_word' id='word_1_29' title='bbox 783 804 918 886; x_wconf 86' lang='lat' dir='ltr'><strong>Dionys.</strong></span> <span class='ocrx_word' id='word_1_30' title='bbox 942 799 1107 882; x_wconf 79' lang='lat' dir='ltr'><strong>Halicde</strong></span> 
     </span>
     <span class='ocr_line' id='line_1_6' title="bbox 163 892 1105 988; baseline -0.002 -27"><span class='ocrx_word' id='word_1_31' title='bbox 163 895 257 962; x_wconf 90' lang='lat' dir='ltr'><strong>Isaeo</strong></span> <span class='ocrx_word' id='word_1_32' title='bbox 289 901 384 964; x_wconf 87' lang='lat' dir='ltr'><strong>indic.</strong></span> <span class='ocrx_word' id='word_1_33' title='bbox 411 897 437 964; x_wconf 91' lang='lat'><strong>1.</strong></span> <span class='ocrx_word' id='word_1_34' title='bbox 465 897 541 966; x_wconf 88' lang='lat' dir='ltr'><strong>Vol.</strong></span> <span class='ocrx_word' id='word_1_35' title='bbox 567 899 609 966; x_wconf 83' lang='lat' dir='ltr'><strong>V.</strong></span> <span class='ocrx_word' id='word_1_36' title='bbox 636 921 668 988; x_wconf 90' lang='lat' dir='ltr'><strong>p.</strong></span> <span class='ocrx_word' id='word_1_37' title='bbox 686 899 758 966; x_wconf 95' lang='grc'><strong>588.</strong></span> <span class='ocrx_word' id='word_1_38' title='bbox 783 898 893 965; x_wconf 85' lang='lat' dir='ltr'><strong>Reisk.</strong></span> <span class='ocrx_word' id='word_1_39' title='bbox 920 893 1035 963; x_wconf 85' lang='lat' dir='ltr'><strong>Athen.</strong></span> <span class='ocrx_word' id='word_1_40' title='bbox 1058 892 1105 960; x_wconf 88' lang='lat' dir='ltr'><strong>X.</strong></span> 
     </span>
     <span class='ocr_line' id='line_1_7' title="bbox 163 991 1106 1079; baseline -0.003 -21"><span class='ocrx_word' id='word_1_41' title='bbox 163 1014 195 1078; x_wconf 84' lang='lat' dir='ltr'><strong>p.</strong></span> <span class='ocrx_word' id='word_1_42' title='bbox 215 991 286 1058; x_wconf 78' lang='grc'><strong>151.</strong></span> <span class='ocrx_word' id='word_1_43' title='bbox 306 994 345 1059; x_wconf 88' lang='grc' dir='ltr'><strong>Ε.</strong></span> <span class='ocrx_word' id='word_1_44' title='bbox 385 994 439 1059; x_wconf 84' lang='lat' dir='ltr'><strong>Ex·</strong></span> <span class='ocrx_word' id='word_1_45' title='bbox 464 994 525 1061; x_wconf 89' lang='lat' dir='ltr'><strong>hoc</strong></span> <span class='ocrx_word' id='word_1_46' title='bbox 550 994 632 1062; x_wconf 92' lang='lat' dir='ltr'><strong>libro</strong></span> <span class='ocrx_word' id='word_1_47' title='bbox 662 996 802 1062; x_wconf 88' lang='lat' dir='ltr'><strong>derivata</strong></span> <span class='ocrx_word' id='word_1_48' title='bbox 826 996 990 1072; x_wconf 87' lang='lat' dir='ltr'><strong>videntur,</strong></span> <span class='ocrx_word' id='word_1_49' title='bbox 1023 1014 1106 1079; x_wconf 87' lang='lat' dir='ltr'><strong>quae</strong></span> 
     </span>
     <span class='ocr_line' id='line_1_8' title="bbox 162 1086 1105 1179; baseline 0 -28"><span class='ocrx_word' id='word_1_50' title='bbox 162 1088 247 1152; x_wconf 86' lang='lat' dir='ltr'><strong>idem</strong></span> <span class='ocrx_word' id='word_1_51' title='bbox 270 1086 455 1156; x_wconf 81' lang='lat' dir='ltr'><strong>Athenaeus</strong></span> <span class='ocrx_word' id='word_1_52' title='bbox 486 1091 574 1157; x_wconf 87' lang='lat'><strong>1..1.</strong></span> <span class='ocrx_word' id='word_1_53' title='bbox 602 1116 634 1179; x_wconf 93' lang='lat' dir='ltr'><strong>p.</strong></span> <span class='ocrx_word' id='word_1_54' title='bbox 655 1095 707 1158; x_wconf 85' lang='lat'><strong>21.</strong></span> <span class='ocrx_word' id='word_1_55' title='bbox 731 1091 771 1160; x_wconf 91' lang='lat' dir='ltr'><strong>C.</strong></span> <span class='ocrx_word' id='word_1_56' title='bbox 817 1091 990 1176; x_wconf 86' lang='lat' dir='ltr'><strong>Hermippo</strong></span> <span class='ocrx_word' id='word_1_57' title='bbox 1023 1101 1105 1170; x_wconf 86' lang='lat' dir='ltr'><strong>teste</strong></span> 
     </span>
     <span class='ocr_line' id='line_1_9' title="bbox 163 1183 1105 1276; baseline 0 -27"><span class='ocrx_word' id='word_1_58' title='bbox 163 1185 274 1251; x_wconf 75' lang='grc'><strong>11911111</strong></span> <span class='ocrx_word' id='word_1_59' title='bbox 306 1189 458 1266; x_wconf 89' lang='lat' dir='ltr'><strong>eundem,</strong></span> <span class='ocrx_word' id='word_1_60' title='bbox 489 1191 524 1253; x_wconf 93' lang='lat' dir='ltr'><strong>in</strong></span> <span class='ocrx_word' id='word_1_61' title='bbox 552 1189 618 1253; x_wconf 84' lang='lat' dir='ltr'><strong>vita</strong></span> <span class='ocrx_word' id='word_1_62' title='bbox 638 1187 827 1276; x_wconf 74' lang='lat' dir='ltr'><strong>HyperidIS,</strong></span> <span class='ocrx_word' id='word_1_63' title='bbox 857 1190 892 1252; x_wconf 90' lang='lat' dir='ltr'><strong>ni</strong></span> <span class='ocrx_word' id='word_1_64' title='bbox 910 1187 1020 1267; x_wconf 86' lang='lat' dir='ltr'><strong>fallor,</strong></span> <span class='ocrx_word' id='word_1_65' title='bbox 1052 1183 1105 1253; x_wconf 81' lang='lat' dir='ltr'><strong>vel</strong></span> 
     </span>
     <span class='ocr_line' id='line_1_10' title="bbox 161 1280 1139 1372; baseline 0.002 -27"><span class='ocrx_word' id='word_1_66' title='bbox 161 1280 388 1363; x_wconf 84' lang='lat' dir='ltr'><strong>Anaximenis,</strong></span> <span class='ocrx_word' id='word_1_67' title='bbox 417 1298 577 1350; x_wconf 74' lang='lat' dir='ltr'><strong>auctorem</strong></span> <span class='ocrx_word' id='word_1_68' title='bbox 606 1287 757 1370; x_wconf 85' lang='lat' dir='ltr'><strong>produxit</strong></span> <span class='ocrx_word' id='word_1_69' title='bbox 787 1308 916 1364; x_wconf 91' lang='lat' dir='ltr'><strong>eorum,</strong></span> <span class='ocrx_word' id='word_1_70' title='bbox 947 1305 1029 1372; x_wconf 90' lang='lat' dir='ltr'><strong>qnae</strong></span> <span class='ocrx_word' id='word_1_71' title='bbox 1062 1283 1104 1347; x_wconf 80' lang='lat' dir='ltr'><strong>(le</strong></span> <span class='ocrx_word' id='word_1_72' title='bbox 1137 1338 1139 1341; x_wconf 96' lang='lat'><strong>.</strong></span> 
     </span>
     <span class='ocr_line' id='line_1_11' title="bbox 161 1376 1104 1468; baseline 0.005 -27"><span class='ocrx_word' id='word_1_73' title='bbox 161 1376 304 1463; x_wconf 85' lang='lat' dir='ltr'><strong>Phrynes</strong></span> <span class='ocrx_word' id='word_1_74' title='bbox 321 1382 438 1447; x_wconf 88' lang='lat' dir='ltr'><strong>iudicio</strong></span> <span class='ocrx_word' id='word_1_75' title='bbox 458 1381 606 1468; x_wconf 84' lang='lat' dir='ltr'><strong>leguntur</strong></span> <span class='ocrx_word' id='word_1_76' title='bbox 626 1381 699 1447; x_wconf 89' lang='lat' dir='ltr'><strong>Lib.</strong></span> <span class='ocrx_word' id='word_1_77' title='bbox 717 1380 807 1448; x_wconf 90' lang='grc' dir='ltr'><strong>ΧΠΙ.</strong></span> <span class='ocrx_word' id='word_1_78' title='bbox 826 1406 859 1468; x_wconf 94' lang='lat' dir='ltr'><strong>p.</strong></span> <span class='ocrx_word' id='word_1_79' title='bbox 881 1381 1001 1450; x_wconf 82' lang='grc'><strong>5901).</strong></span> <span class='ocrx_word' id='word_1_80' title='bbox 1038 1378 1104 1446; x_wconf 85' lang='lat' dir='ltr'><strong>Mi-</strong></span> 
     </span>
     <span class='ocr_line' id='line_1_12' title="bbox 162 1477 1104 1565; baseline 0.008 -27"><span class='ocrx_word' id='word_1_81' title='bbox 162 1496 223 1539; x_wconf 91' lang='lat' dir='ltr'><strong>nus</strong></span> <span class='ocrx_word' id='word_1_82' title='bbox 244 1492 389 1543; x_wconf 90' lang='lat' dir='ltr'><strong>accurate</strong></span> <span class='ocrx_word' id='word_1_83' title='bbox 409 1478 449 1543; x_wconf 88' lang='lat' dir='ltr'><strong>de</strong></span> <span class='ocrx_word' id='word_1_84' title='bbox 468 1479 580 1545; x_wconf 89' lang='lat' dir='ltr'><strong>eodem</strong></span> <span class='ocrx_word' id='word_1_85' title='bbox 599 1478 786 1565; x_wconf 84' lang='lat' dir='ltr'><strong>Harpocrat.</strong></span> <span class='ocrx_word' id='word_1_86' title='bbox 810 1501 837 1544; x_wconf 90' lang='lat' dir='ltr'><strong>s.</strong></span> <span class='ocrx_word' id='word_1_87' title='bbox 856 1500 887 1543; x_wconf 90' lang='lat' dir='ltr'><strong>v.</strong></span> <span class='ocrx_word' id='word_1_88' title='bbox 908 1477 1041 1557; x_wconf 77' lang='grc' dir='ltr'><em>Εὐθίας,</em></span> <span class='ocrx_word' id='word_1_89' title='bbox 1062 1478 1104 1546; x_wconf 84' lang='lat' dir='ltr'><strong>cf.</strong></span> 
     </span>
     <span class='ocr_line' id='line_1_13' title="bbox 160 1571 1104 1663; baseline 0.003 -27"><span class='ocrx_word' id='word_1_90' title='bbox 160 1571 320 1640; x_wconf 87' lang='lat' dir='ltr'><strong>Manssac.</strong></span> <span class='ocrx_word' id='word_1_91' title='bbox 345 1572 439 1640; x_wconf 90' lang='lat' dir='ltr'><strong>Tom.</strong></span> <span class='ocrx_word' id='word_1_92' title='bbox 458 1573 499 1640; x_wconf 92' lang='grc' dir='ltr'><strong>Π.</strong></span> <span class='ocrx_word' id='word_1_93' title='bbox 528 1573 653 1663; x_wconf 60' lang='grc'><strong>11187.</strong></span> <span class='ocrx_word' id='word_1_94' title='bbox 674 1577 764 1663; x_wconf 92' lang='lat' dir='ltr'><strong>Lips.</strong></span> <span class='ocrx_word' id='word_1_95' title='bbox 806 1574 858 1641; x_wconf 84' lang='lat' dir='ltr'><strong>Ile</strong></span> <span class='ocrx_word' id='word_1_96' title='bbox 882 1577 952 1661; x_wconf 90' lang='lat' dir='ltr'><strong>ipso</strong></span> <span class='ocrx_word' id='word_1_97' title='bbox 979 1597 1104 1663; x_wconf 92' lang='lat' dir='ltr'><strong>quoque</strong></span> 
     </span>
     <span class='ocr_line' id='line_1_14' title="bbox 160 1671 1104 1759; baseline -0.003 -20"><span class='ocrx_word' id='word_1_98' title='bbox 160 1674 310 1739; x_wconf 74' lang='lat' dir='ltr'><strong>Isocrate</strong></span> <span class='ocrx_word' id='word_1_99' title='bbox 343 1671 457 1738; x_wconf 90' lang='lat' dir='ltr'><strong>librum</strong></span> <span class='ocrx_word' id='word_1_100' title='bbox 493 1676 617 1759; x_wconf 88' lang='lat' dir='ltr'><strong>scripsit</strong></span> <span class='ocrx_word' id='word_1_101' title='bbox 647 1672 857 1759; x_wconf 80' lang='lat' dir='ltr'><strong>Hermippus,</strong></span> <span class='ocrx_word' id='word_1_102' title='bbox 892 1686 972 1739; x_wconf 87' lang='lat' dir='ltr'><strong>teste</strong></span> <span class='ocrx_word' id='word_1_103' title='bbox 1001 1672 1104 1738; x_wconf 91' lang='lat' dir='ltr'><strong>Athe-</strong></span> 
     </span>
     <span class='ocr_line' id='line_1_15' title="bbox 160 1767 1104 1857; baseline 0 -22"><span class='ocrx_word' id='word_1_104' title='bbox 160 1792 254 1847; x_wconf 88' lang='lat' dir='ltr'><strong>naeo,</strong></span> <span class='ocrx_word' id='word_1_105' title='bbox 269 1767 360 1834; x_wconf 89' lang='lat' dir='ltr'><strong>XIII.</strong></span> <span class='ocrx_word' id='word_1_106' title='bbox 379 1794 411 1857; x_wconf 90' lang='lat' dir='ltr'><strong>p.</strong></span> <span class='ocrx_word' id='word_1_107' title='bbox 432 1772 503 1835; x_wconf 88' lang='lat'><strong>592.</strong></span> <span class='ocrx_word' id='word_1_108' title='bbox 522 1769 566 1835; x_wconf 91' lang='lat' dir='ltr'><strong>D.</strong></span> <span class='ocrx_word' id='word_1_109' title='bbox 606 1770 843 1855; x_wconf 76' lang='lat' dir='ltr'><strong>Metrophanem</strong></span> <span class='ocrx_word' id='word_1_110' title='bbox 859 1771 1026 1857; x_wconf 88' lang='lat' dir='ltr'><strong>quendam,</strong></span> <span class='ocrx_word' id='word_1_111' title='bbox 1049 1774 1104 1857; x_wconf 89' lang='lat' dir='ltr'><strong>qui</strong></span> 
     </span>
     <span class='ocr_line' id='line_1_16' title="bbox 159 1866 1103 1954; baseline 0.002 -24"><span class='ocrx_word' id='word_1_112' title='bbox 159 1889 211 1931; x_wconf 89' lang='lat' dir='ltr'><strong>res</strong></span> <span class='ocrx_word' id='word_1_113' title='bbox 232 1866 432 1952; x_wconf 84' lang='lat' dir='ltr'><strong>Theopompi</strong></span> <span class='ocrx_word' id='word_1_114' title='bbox 456 1880 662 1954; x_wconf 76' lang='lat' dir='ltr'><strong>persequutus</strong></span> <span class='ocrx_word' id='word_1_115' title='bbox 687 1870 746 1944; x_wconf 89' lang='lat' dir='ltr'><strong>sit,</strong></span> <span class='ocrx_word' id='word_1_116' title='bbox 776 1881 999 1934; x_wconf 87' lang='lat' dir='ltr'><strong>commemorat</strong></span> <span class='ocrx_word' id='word_1_117' title='bbox 1016 1867 1103 1932; x_wconf 91' lang='lat' dir='ltr'><strong>Pho-</strong></span> 
     </span>
     <span class='ocr_line' id='line_1_17' title="bbox 73 1961 1102 2043; baseline 0.005 -18"><span class='ocrx_word' id='word_1_118' title='bbox 73 2038 75 2043; x_wconf 19' lang='lat'><em>·</em></span> <span class='ocrx_word' id='word_1_119' title='bbox 159 1965 232 2026; x_wconf 87' lang='lat' dir='ltr'><strong>tius.</strong></span> <span class='ocrx_word' id='word_1_120' title='bbox 285 1961 385 2028; x_wconf 83' lang='lat' dir='ltr'><strong>-Nnnc</strong></span> <span class='ocrx_word' id='word_1_121' title='bbox 411 1965 559 2027; x_wconf 85' lang='lat' dir='ltr'><strong>maximis</strong></span> <span class='ocrx_word' id='word_1_122' title='bbox 591 1966 626 2028; x_wconf 90' lang='lat' dir='ltr'><strong>in</strong></span> <span class='ocrx_word' id='word_1_123' title='bbox 658 1962 754 2030; x_wconf 90' lang='lat' dir='ltr'><strong>rebus</strong></span> <span class='ocrx_word' id='word_1_124' title='bbox 785 1967 899 2029; x_wconf 88' lang='lat' dir='ltr'><strong>incerti</strong></span> <span class='ocrx_word' id='word_1_125' title='bbox 923 1963 1102 2030; x_wconf 81' lang='lat' dir='ltr'><strong>haeremus.</strong></span> 
     </span>
     <span class='ocr_line' id='line_1_18' title="bbox 162 2062 1102 2149; baseline -0.002 -21"><span class='ocrx_word' id='word_1_126' title='bbox 162 2062 284 2129; x_wconf 79' lang='lat' dir='ltr'><strong>Suidae</strong></span> <span class='ocrx_word' id='word_1_127' title='bbox 317 2064 460 2149; x_wconf 89' lang='lat' dir='ltr'><strong>quidem,</strong></span> <span class='ocrx_word' id='word_1_128' title='bbox 493 2063 547 2148; x_wconf 88' lang='lat' dir='ltr'><strong>qni</strong></span> <span class='ocrx_word' id='word_1_129' title='bbox 575 2082 670 2148; x_wconf 89' lang='lat' dir='ltr'><strong>quum</strong></span> <span class='ocrx_word' id='word_1_130' title='bbox 697 2075 874 2126; x_wconf 88' lang='lat' dir='ltr'><strong>ceterorum</strong></span> <span class='ocrx_word' id='word_1_131' title='bbox 905 2064 1102 2142; x_wconf 83' lang='lat' dir='ltr'><strong>scriptorum,</strong></span> 
     </span>
     <span class='ocr_line' id='line_1_19' title="bbox 160 2156 1103 2246; baseline -0.001 -23"><span class='ocrx_word' id='word_1_132' title='bbox 160 2174 226 2223; x_wconf 89' lang='lat' dir='ltr'><strong>tum</strong></span> <span class='ocrx_word' id='word_1_133' title='bbox 245 2158 445 2246; x_wconf 87' lang='lat' dir='ltr'><strong>Theopompi</strong></span> <span class='ocrx_word' id='word_1_134' title='bbox 463 2159 566 2225; x_wconf 86' lang='lat' dir='ltr'><strong>nostri</strong></span> <span class='ocrx_word' id='word_1_135' title='bbox 582 2159 764 2222; x_wconf 86' lang='lat' dir='ltr'><strong>memoriam</strong></span> <span class='ocrx_word' id='word_1_136' title='bbox 782 2156 937 2236; x_wconf 80' lang='lat' dir='ltr'><strong>breviter,</strong></span> <span class='ocrx_word' id='word_1_137' title='bbox 961 2158 1038 2236; x_wconf 89' lang='lat' dir='ltr'><strong>sed,</strong></span> <span class='ocrx_word' id='word_1_138' title='bbox 1065 2173 1103 2223; x_wconf 92' lang='lat' dir='ltr'><strong>nt</strong></span> 
     </span>
     <span class='ocr_line' id='line_1_20' title="bbox 161 2254 1101 2342; baseline -0.003 -20"><span class='ocrx_word' id='word_1_139' title='bbox 161 2257 259 2337; x_wconf 89' lang='lat' dir='ltr'><strong>solet,</strong></span> <span class='ocrx_word' id='word_1_140' title='bbox 289 2258 366 2320; x_wconf 87' lang='lat' dir='ltr'><strong>satis</strong></span> <span class='ocrx_word' id='word_1_141' title='bbox 394 2256 591 2342; x_wconf 84' lang='lat' dir='ltr'><strong>negligenter</strong></span> <span class='ocrx_word' id='word_1_142' title='bbox 621 2254 804 2341; x_wconf 86' lang='lat' dir='ltr'><strong>complexus</strong></span> <span class='ocrx_word' id='word_1_143' title='bbox 835 2267 901 2332; x_wconf 92' lang='lat' dir='ltr'><strong>est,</strong></span> <span class='ocrx_word' id='word_1_144' title='bbox 927 2259 1101 2341; x_wconf 86' lang='lat' dir='ltr'><strong>„tempori-</strong></span> 
     </span>
     <span class='ocr_line' id='line_1_21' title="bbox 159 2349 1102 2440; baseline -0.004 -20"><span class='ocrx_word' id='word_1_145' title='bbox 159 2355 219 2419; x_wconf 86' lang='lat' dir='ltr'><strong>bus</strong></span> <span class='ocrx_word' id='word_1_146' title='bbox 237 2351 404 2418; x_wconf 83' lang='lat' dir='ltr'><strong>anarehiae</strong></span> <span class='ocrx_word' id='word_1_147' title='bbox 424 2352 681 2429; x_wconf 87' lang='lat' dir='ltr'><strong>Atheniensium,</strong></span> <span class='ocrx_word' id='word_1_148' title='bbox 706 2350 739 2415; x_wconf 93' lang='lat' dir='ltr'><strong>h.</strong></span> <span class='ocrx_word' id='word_1_149' title='bbox 758 2372 787 2415; x_wconf 92' lang='lat' dir='ltr'><strong>e.</strong></span> <span class='ocrx_word' id='word_1_150' title='bbox 809 2349 934 2440; x_wconf 82' lang='lat' dir='ltr'><strong>Olymp.</strong></span> <span class='ocrx_word' id='word_1_151' title='bbox 955 2350 1102 2417; x_wconf 85' lang='lat' dir='ltr'><strong>XCIH.”</strong></span> 
     </span>
     <span class='ocr_line' id='line_1_22' title="bbox 157 2449 1100 2536; baseline -0.003 -20"><span class='ocrx_word' id='word_1_152' title='bbox 157 2454 257 2516; x_wconf 90' lang='lat' dir='ltr'><strong>fnisse</strong></span> <span class='ocrx_word' id='word_1_153' title='bbox 294 2449 346 2515; x_wconf 86' lang='lat' dir='ltr'><strong>vel</strong></span> <span class='ocrx_word' id='word_1_154' title='bbox 373 2462 465 2512; x_wconf 88' lang='lat' dir='ltr'><strong>natus</strong></span> <span class='ocrx_word' id='word_1_155' title='bbox 499 2471 569 2515; x_wconf 88' lang='lat' dir='ltr'><strong>esse</strong></span> <span class='ocrx_word' id='word_1_156' title='bbox 607 2450 734 2514; x_wconf 87' lang='lat' dir='ltr'><strong>dicitur:</strong></span> <span class='ocrx_word' id='word_1_157' title='bbox 763 2449 889 2525; x_wconf 73' lang='grc' dir='ltr'><em>γεγονὼς</em></span> <span class='ocrx_word' id='word_1_158' title='bbox 908 2449 936 2536; x_wconf 90' lang='lat'><strong>¹)</strong></span> <span class='ocrx_word' id='word_1_159' title='bbox 968 2449 1018 2513; x_wconf 79' lang='grc' dir='ltr'><strong>ἐπὶ</strong></span> <span class='ocrx_word' id='word_1_160' title='bbox 1045 2454 1100 2530; x_wconf 80' lang='grc' dir='ltr'><strong>τῆς</strong></span> 
     </span>
     <span class='ocr_line' id='line_1_23' title="bbox 158 2543 1099 2634; baseline -0.004 -21"><span class='ocrx_word' id='word_1_161' title='bbox 158 2548 383 2634; x_wconf 61' lang='lat' dir='ltr'><strong>&amp;suppleretis</strong></span> <span class='ocrx_word' id='word_1_162' title='bbox 409 2543 582 2626; x_wconf 75' lang='grc' dir='ltr'><strong>Ἀθηναίων</strong></span> <span class='ocrx_word' id='word_1_163' title='bbox 613 2544 663 2609; x_wconf 80' lang='grc' dir='ltr'><strong>ἐπὶ</strong></span> <span class='ocrx_word' id='word_1_164' title='bbox 690 2550 742 2628; x_wconf 77' lang='grc' dir='ltr'><strong>τῆς</strong></span> <span class='ocrx_word' id='word_1_165' title='bbox 770 2545 972 2627; x_wconf 70' lang='grc' dir='ltr'><strong>ἒνιένηκοστῆς</strong></span> <span class='ocrx_word' id='word_1_166' title='bbox 998 2548 1099 2629; x_wconf 78' lang='grc' dir='ltr'><strong><em>τρίτης</em></strong></span> 
     </span>
     <span class='ocr_line' id='line_1_24' title="bbox 155 2641 1149 2730; baseline -0.002 -20"><span class='ocrx_word' id='word_1_167' title='bbox 155 2641 361 2728; x_wconf 77' lang='grc' dir='ltr'><strong>Ὀλυμπιάδος.</strong></span> <span class='ocrx_word' id='word_1_168' title='bbox 401 2641 507 2708; x_wconf 91' lang='lat' dir='ltr'><strong>Huius</strong></span> <span class='ocrx_word' id='word_1_169' title='bbox 526 2646 742 2710; x_wconf 78' lang='lat' dir='ltr'><strong>anctoritatem</strong></span> <span class='ocrx_word' id='word_1_170' title='bbox 771 2646 896 2730; x_wconf 88' lang='lat' dir='ltr'><strong>sequuti</strong></span> <span class='ocrx_word' id='word_1_171' title='bbox 913 2657 987 2709; x_wconf 90' lang='lat' dir='ltr'><strong>sunt</strong></span> <span class='ocrx_word' id='word_1_172' title='bbox 1006 2643 1100 2710; x_wconf 84' lang='lat' dir='ltr'><strong>Jose·</strong></span> <span class='ocrx_word' id='word_1_173' title='bbox 1145 2674 1149 2679; x_wconf 86' lang='grc'><em>·</em></span> 
     </span>
     <span class='ocr_line' id='line_1_25' title="bbox 155 2739 1100 2831; baseline -0.004 -22"><span class='ocrx_word' id='word_1_174' title='bbox 155 2744 236 2831; x_wconf 90' lang='lat' dir='ltr'><strong>phus</strong></span> <span class='ocrx_word' id='word_1_175' title='bbox 257 2743 401 2830; x_wconf 82' lang='lat' dir='ltr'><strong>Scaliger</strong></span> <span class='ocrx_word' id='word_1_176' title='bbox 421 2758 453 2808; x_wconf 91' lang='grc'><strong>91</strong></span> <span class='ocrx_word' id='word_1_177' title='bbox 477 2741 508 2806; x_wconf 84' lang='grc'><strong>1.</strong></span> <span class='ocrx_word' id='word_1_178' title='bbox 529 2739 569 2805; x_wconf 84' lang='lat' dir='ltr'><strong>G.</strong></span> <span class='ocrx_word' id='word_1_179' title='bbox 589 2739 735 2819; x_wconf 88' lang='lat' dir='ltr'><strong>Vossius,</strong></span> <span class='ocrx_word' id='word_1_180' title='bbox 764 2762 948 2825; x_wconf 79' lang='lat' dir='ltr'><strong>qrramquam</strong></span> <span class='ocrx_word' id='word_1_181' title='bbox 970 2762 1035 2805; x_wconf 92' lang='lat' dir='ltr'><strong>non</strong></span> <span class='ocrx_word' id='word_1_182' title='bbox 1057 2743 1100 2806; x_wconf 85' lang='lat' dir='ltr'><strong>ad</strong></span> 
     </span>
     <span class='ocr_line' id='line_1_26' title="bbox 156 2835 1098 2929; baseline -0.003 -23"><span class='ocrx_word' id='word_1_183' title='bbox 156 2843 291 2909; x_wconf 87' lang='lat' dir='ltr'><strong>eundem</strong></span> <span class='ocrx_word' id='word_1_184' title='bbox 304 2855 435 2929; x_wconf 88' lang='lat' dir='ltr'><strong>uterque</strong></span> <span class='ocrx_word' id='word_1_185' title='bbox 450 2861 567 2905; x_wconf 91' lang='lat' dir='ltr'><strong>annum</strong></span> <span class='ocrx_word' id='word_1_186' title='bbox 579 2837 729 2902; x_wconf 87' lang='lat' dir='ltr'><strong>retulerit.</strong></span> <span class='ocrx_word' id='word_1_187' title='bbox 769 2835 851 2902; x_wconf 84' lang='lat' dir='ltr'><strong>Nom</strong></span> <span class='ocrx_word' id='word_1_188' title='bbox 860 2837 914 2901; x_wconf 90' lang='lat' dir='ltr'><strong>ille</strong></span> <span class='ocrx_word' id='word_1_189' title='bbox 928 2841 962 2902; x_wconf 92' lang='lat' dir='ltr'><strong>in</strong></span> <span class='ocrx_word' id='word_1_190' title='bbox 972 2836 1098 2925; x_wconf 87' lang='lat' dir='ltr'><strong>Olymp.</strong></span> 
     </span>
     <span class='ocr_line' id='line_1_27' title="bbox 154 2932 1098 3026; baseline -0.004 -22"><span class='ocrx_word' id='word_1_191' title='bbox 154 2940 301 3026; x_wconf 84' lang='lat' dir='ltr'><strong>descript.</strong></span> <span class='ocrx_word' id='word_1_192' title='bbox 343 2939 470 3026; x_wconf 81' lang='lat' dir='ltr'><strong>(Valck.</strong></span> <span class='ocrx_word' id='word_1_193' title='bbox 495 2937 536 3002; x_wconf 84' lang='lat' dir='ltr'><strong>ad</strong></span> <span class='ocrx_word' id='word_1_194' title='bbox 559 2937 665 3002; x_wconf 91' lang='lat' dir='ltr'><strong>Adon.</strong></span> <span class='ocrx_word' id='word_1_195' title='bbox 690 2958 721 3020; x_wconf 93' lang='lat' dir='ltr'><strong>p.</strong></span> <span class='ocrx_word' id='word_1_196' title='bbox 743 2933 815 2998; x_wconf 86' lang='lat'><strong>269.</strong></span> <span class='ocrx_word' id='word_1_197' title='bbox 837 2932 888 3018; x_wconf 92' lang='grc' dir='ltr'><strong>Β.)</strong></span> <span class='ocrx_word' id='word_1_198' title='bbox 915 2934 1098 3021; x_wconf 90' lang='lat' dir='ltr'><strong>Theopom-</strong></span> 
     </span>
     <span class='ocr_line' id='line_1_28' title="bbox 154 3030 1096 3123; baseline -0.006 -21"><span class='ocrx_word' id='word_1_199' title='bbox 154 3060 229 3123; x_wconf 91' lang='lat' dir='ltr'><strong>pum</strong></span> <span class='ocrx_word' id='word_1_200' title='bbox 251 3035 377 3123; x_wconf 85' lang='lat' dir='ltr'><strong>Olymp.</strong></span> <span class='ocrx_word' id='word_1_201' title='bbox 397 3033 516 3114; x_wconf 81' lang='lat' dir='ltr'><strong>XCIII,</strong></span> <span class='ocrx_word' id='word_1_202' title='bbox 540 3037 569 3098; x_wconf 93' lang='grc'><strong>1.</strong></span> <span class='ocrx_word' id='word_1_203' title='bbox 597 3033 786 3118; x_wconf 84' lang='lat' dir='ltr'><strong>assignavit,</strong></span> <span class='ocrx_word' id='word_1_204' title='bbox 814 3031 866 3097; x_wconf 92' lang='lat' dir='ltr'><strong>hic</strong></span> <span class='ocrx_word' id='word_1_205' title='bbox 892 3033 926 3094; x_wconf 93' lang='lat' dir='ltr'><strong>in</strong></span> <span class='ocrx_word' id='word_1_206' title='bbox 949 3030 1030 3096; x_wconf 90' lang='lat' dir='ltr'><strong>libro</strong></span> <span class='ocrx_word' id='word_1_207' title='bbox 1055 3031 1096 3097; x_wconf 88' lang='lat' dir='ltr'><strong>de</strong></span> 
     </span>
     <span class='ocr_line' id='line_1_29' title="bbox 153 3127 1098 3220; baseline -0.01 -20"><span class='ocrx_word' id='word_1_208' title='bbox 153 3133 238 3199; x_wconf 90' lang='lat' dir='ltr'><strong>Hist.</strong></span> <span class='ocrx_word' id='word_1_209' title='bbox 258 3133 370 3200; x_wconf 82' lang='lat' dir='ltr'><strong>Graec.</strong></span> <span class='ocrx_word' id='word_1_210' title='bbox 389 3131 448 3211; x_wconf 92' lang='lat' dir='ltr'><strong>IV,</strong></span> <span class='ocrx_word' id='word_1_211' title='bbox 470 3135 500 3196; x_wconf 92' lang='grc'><strong>8.</strong></span> <span class='ocrx_word' id='word_1_212' title='bbox 530 3144 676 3220; x_wconf 88' lang='lat' dir='ltr'><strong>quattuor</strong></span> <span class='ocrx_word' id='word_1_213' title='bbox 702 3131 794 3194; x_wconf 80' lang='lat' dir='ltr'><strong>annis</strong></span> <span class='ocrx_word' id='word_1_214' title='bbox 820 3130 1028 3193; x_wconf 84' lang='lat' dir='ltr'><strong>recentiorem</strong></span> <span class='ocrx_word' id='word_1_215' title='bbox 1049 3127 1098 3192; x_wconf 84' lang='lat' dir='ltr'><strong>le·</strong></span> 
     </span>
     <span class='ocr_line' id='line_1_30' title="bbox 154 3224 1096 3312; baseline -0.008 -16"><span class='ocrx_word' id='word_1_216' title='bbox 154 3235 207 3296; x_wconf 91' lang='lat' dir='ltr'><strong>cit.</strong></span> <span class='ocrx_word' id='word_1_217' title='bbox 255 3231 375 3299; x_wconf 84' lang='lat' dir='ltr'><strong>Contra</strong></span> <span class='ocrx_word' id='word_1_218' title='bbox 402 3229 462 3294; x_wconf 87' lang='lat' dir='ltr'><strong>hos</strong></span> <span class='ocrx_word' id='word_1_219' title='bbox 490 3231 671 3294; x_wconf 83' lang='lat' dir='ltr'><strong>duumviros</strong></span> <span class='ocrx_word' id='word_1_220' title='bbox 697 3228 865 3312; x_wconf 88' lang='lat' dir='ltr'><strong>disputavit</strong></span> <span class='ocrx_word' id='word_1_221' title='bbox 889 3225 1019 3288; x_wconf 90' lang='lat' dir='ltr'><strong>Jonsins</strong></span> <span class='ocrx_word' id='word_1_222' title='bbox 1054 3224 1096 3288; x_wconf 90' lang='lat' dir='ltr'><strong>de</strong></span> 
     </span>
     <span class='ocr_line' id='line_1_31' title="bbox 153 3321 1098 3415; baseline -0.006 -23"><span class='ocrx_word' id='word_1_223' title='bbox 153 3330 258 3415; x_wconf 86' lang='lat' dir='ltr'><strong>script.</strong></span> <span class='ocrx_word' id='word_1_224' title='bbox 276 3329 359 3392; x_wconf 83' lang='lat' dir='ltr'><strong>Hist.</strong></span> <span class='ocrx_word' id='word_1_225' title='bbox 376 3326 495 3393; x_wconf 88' lang='lat' dir='ltr'><strong>Philos.</strong></span> <span class='ocrx_word' id='word_1_226' title='bbox 513 3324 540 3404; x_wconf 92' lang='lat' dir='ltr'><strong>l,</strong></span> <span class='ocrx_word' id='word_1_227' title='bbox 559 3325 589 3390; x_wconf 87' lang='lat'><strong>9.</strong></span> <span class='ocrx_word' id='word_1_228' title='bbox 618 3327 672 3413; x_wconf 89' lang='lat' dir='ltr'><strong>qui</strong></span> <span class='ocrx_word' id='word_1_229' title='bbox 691 3345 785 3412; x_wconf 88' lang='lat' dir='ltr'><strong>quum</strong></span> <span class='ocrx_word' id='word_1_230' title='bbox 803 3321 1043 3407; x_wconf 88' lang='lat' dir='ltr'><strong>Theopompum</strong></span> <span class='ocrx_word' id='word_1_231' title='bbox 1063 3334 1098 3386; x_wconf 88' lang='lat' dir='ltr'><strong>et</strong></span> 
     </span>
     <span class='ocr_line' id='line_1_32' title="bbox 152 3417 1095 3514; baseline -0.013 -20"><span class='ocrx_word' id='word_1_232' title='bbox 152 3442 226 3514; x_wconf 90' lang='lat' dir='ltr'><strong>post</strong></span> <span class='ocrx_word' id='word_1_233' title='bbox 254 3424 379 3511; x_wconf 88' lang='lat' dir='ltr'><strong>Olymp.</strong></span> <span class='ocrx_word' id='word_1_234' title='bbox 408 3419 495 3488; x_wconf 86' lang='lat' dir='ltr'><strong>CIX.</strong></span> <span class='ocrx_word' id='word_1_235' title='bbox 521 3425 685 3508; x_wconf 88' lang='lat' dir='ltr'><strong>scripsisse</strong></span> <span class='ocrx_word' id='word_1_236' title='bbox 714 3434 746 3493; x_wconf 87' lang='lat' dir='ltr'><strong>et</strong></span> <span class='ocrx_word' id='word_1_237' title='bbox 772 3419 949 3484; x_wconf 85' lang='lat' dir='ltr'><strong>Alexandri</strong></span> <span class='ocrx_word' id='word_1_238' title='bbox 981 3417 1095 3504; x_wconf 85' lang='lat' dir='ltr'><strong>Magni</strong></span> 
     </span>
    </p>
   </div>
   <div class='ocr_carea' id='block_1_3' title="bbox 152 3729 1092 3887">
    <p class='ocr_par' dir='ltr' id='par_1_3' title="bbox 152 3729 1092 3887">
     <span class='ocr_line' id='line_1_33' title="bbox 220 3729 1092 3802; baseline -0.008 -14"><span class='ocrx_word' id='word_1_239' title='bbox 220 3734 353 3798; x_wconf 78' lang='grc' dir='ltr'><strong>ι)Μ11111.</strong></span> <span class='ocrx_word' id='word_1_240' title='bbox 374 3734 409 3785; x_wconf 84' lang='lat' dir='ltr'><strong>ad</strong></span> <span class='ocrx_word' id='word_1_241' title='bbox 425 3731 528 3802; x_wconf 83' lang='lat' dir='ltr'><strong>Ephor.</strong></span> <span class='ocrx_word' id='word_1_242' title='bbox 547 3748 573 3800; x_wconf 89' lang='lat' dir='ltr'><strong>p.</strong></span> <span class='ocrx_word' id='word_1_243' title='bbox 599 3732 641 3786; x_wconf 89' lang='lat'><strong>18.</strong></span> <span class='ocrx_word' id='word_1_244' title='bbox 659 3747 715 3801; x_wconf 85' lang='lat' dir='ltr'><strong>seq.</strong></span> <span class='ocrx_word' id='word_1_245' title='bbox 753 3729 888 3785; x_wconf 88' lang='lat' dir='ltr'><strong>Welckcr.</strong></span> <span class='ocrx_word' id='word_1_246' title='bbox 912 3729 1037 3802; x_wconf 84' lang='lat' dir='ltr'><strong>prolegg.</strong></span> <span class='ocrx_word' id='word_1_247' title='bbox 1056 3731 1092 3791; x_wconf 75' lang='lat' dir='ltr'><strong>ad</strong></span> 
     </span>
     <span class='ocr_line' id='line_1_34' title="bbox 152 3812 497 3887; baseline -0.023 -15"><span class='ocrx_word' id='word_1_248' title='bbox 152 3820 276 3887; x_wconf 80' lang='lat' dir='ltr'><strong>Theogn.</strong></span> <span class='ocrx_word' id='word_1_249' title='bbox 292 3831 319 3883; x_wconf 87' lang='lat' dir='ltr'><strong>p.</strong></span> <span class='ocrx_word' id='word_1_250' title='bbox 336 3812 409 3866; x_wconf 81' lang='lat' dir='ltr'><strong>xvl.</strong></span> <span class='ocrx_word' id='word_1_251' title='bbox 496 3820 497 3825; x_wconf 74' lang='grc'>’</span> 
     </span>
    </p>
   </div>
   <div class='ocr_carea' id='block_1_4' title="bbox 0 0 1272 4658">
    <p class='ocr_par' dir='ltr' id='par_1_4' title="bbox 0 0 1272 4658">
     <span class='ocr_line' id='line_1_35' title="bbox 0 0 1272 4658; baseline 0 5"><span class='ocrx_word' id='word_1_252' title='bbox 0 0 1272 4658; x_wconf 95' lang='lat' dir='ltr'><strong> </strong></span> 
     </span>
    </p>
   </div>
  </div>
 </body>
</html>
