2534 4658
467 364 675 429 ..19-

97 537 253 622 iungeret,
272 532 302 619 ¹)
321 542 506 622 quamquam
524 529 579 598 alii
590 534 624 599 id
637 554 710 600 eum
723 532 940 604 aemulationis
962 563 1037 608 ooo·

97 645 145 698 tra
164 630 329 703 Platonem
347 631 450 696 stadio
474 631 649 699 instituisse
670 632 785 696 dicant.
800 632 830 719 ²)

178 728 245 793 Sed
267 729 535 816 operaepretium
555 740 619 805 ost,
639 728 790 816 quosdam
808 727 933 796 illoram
951 755 1036 799 com·

94 846 289 903 memorare,
307 844 385 912 qnos
404 837 469 888 tum
492 823 627 890 Graecia
653 823 879 890 admirabatur:
897 831 1035 914 quando·

95 923 221 1011 quidem
245 921 354 985 taliam
379 932 597 1009 tantorumque
622 921 783 986 hominum
811 927 1037 992 consuetudine

97 1034 130 1085 et
157 1017 357 1106 Theopompi
384 1021 485 1083 noemi
518 1021 622 1085 studia
647 1021 778 1099 incitata
806 1031 899 1106 atque
929 1023 1036 1090 adiuta

96 1138 167 1182 esse
180 1113 343 1203 probabile
364 1127 432 1194 est,
458 1128 491 1179 et
512 1114 663 1201 quasdam
688 1137 759 1180 eom
787 1137 830 1180 ex
850 1115 905 1182 illo
926 1121 1035 1184 coodi-

94 1213 249 1300 soipolata
274 1206 455 1276 inimicitias
480 1216 659 1300 suscepisse
680 1213 824 1277 coniicio.
872 1212 1034 1303 Principes

92 1313 190 1396 igitar
198 1306 437 1375 Isocraticorum
449 1305 575 1373 fuerant
583 1309 728 1396 Ephorus
737 1307 905 1387 Cumaeos,
926 1333 1035 1398 quam·

94 1407 236 1496 quomis
259 1407 388 1493 'quidem
413 1408 517 1470 nonus
544 1408 691 1492 ingenio,
715 1419 752 1469 at
774 1406 914 1484 videtur,
940 1431 1034 1494 quam

93 1505 256 1590 diligentia
278 1502 482 1590 conspicuam
501 1498 701 1567 Theodectes
715 1499 884 1581 Phaselita,
900 1503 928 1588 ³)
947 1503 1034 1569 Nau.

93 1616 194 1667 crates
223 1597 427 1682 Erythraeas,
441 1598 473 1682 ⁴)
498 1597 715 1663 Anaximenes
734 1598 982 1685 Lampsacenus,
1003 1604 1033 1682 ς)

92 1695 346 1786 cephisodorus,
375 1697 426 1758 oui
445 1693 620 1759 Historiam
647 1692 722 1758 belli
739 1697 822 1759 sacri
841 1692 882 1788 ab
901 1693 1032 1781 Anony-

91 1815 144 1859 mo
175 1797 305 1879 interpr.
332 1790 373 1856 ad
397 1789 529 1855 Aristot.
557 1788 679 1855 Nicom.
700 1784 756 1852 III.
782 1813 814 1876 p.
838 1787 889 1854 46.
907 1790 937 1857 b.
963 1792 1032 1858 lau·

92 1891 197 1954 datam
222 1908 287 1952 non
314 1889 384 1951 siae
412 1905 527 1972 magna
550 1886 657 1974 s'peeie
673 1882 900 1972 probabilitatis
925 1889 1033 1958 tribuit

90 1984 301 2050 Ruhnkenias
323 1983 407 2047 Hist.
428 1972 504 2050 crit.
526 1981 582 2047 Os.
602 1982 657 2047 (ir.
678 2001 709 2069 p.
722 1980 791 2043 159.
814 1996 940 2051 etanta
960 2009 1033 2054 eum

90 2079 215 2146 lonsias
245 2081 285 2144 de
309 2082 415 2166 script.
441 2079 525 2144 llist.
551 2079 669 2145 Philos.
691 2076 717 2157 l,
739 2077 788 2141 13.
815 2100 846 2165 p.
868 2085 919 2146 80.
960 2083 1030 2148 Da·

90 2176 187 2256 bitat,
225 2176 299 2254 sed,
332 2191 367 2240 ot
397 2175 544 2264 equidem
576 2173 726 2252 arbitror,
756 2176 872 2243 iniuria
897 2178 1033 2247 Siebelis

90 2273 191 2360 Epist.
216 2272 258 2335 ad
275 2274 431 2337 Lenzium
454 2296 485 2358 p.
501 2268 579 2336 XV.
620 2271 786 2338 Harlesius
812 2294 888 2340 vero
902 2270 950 2341 'ad
969 2279 996 2342 F
997 2302 1032 2343 a·

90 2369 168 2433 bric.
190 2365 272 2431 Bibl.
294 2364 349 2430 Gr.
366 2365 406 2429 11.
427 2390 458 2452 p.
478 2367 549 2431 353.
570 2366 646 2431 belli
668 2371 751 2433 sacri
772 2373 954 2458 scriptorem
975 2396 1032 2440 ne·

92 2486 153 2553 que
174 2464 310 2528 eandem
332 2486 402 2527 cam
421 2460 568 2526 Isocratis
593 2464 745 2552 discipulo
767 2480 799 2529 et
817 2468 955 2534 incertae
976 2492 1031 2536 ae·

92 2566 164 2626 tatis
185 2583 255 2625 esse
275 2564 444 2625 existimat.
485 2557 547 2621 His
566 2557 646 2622 adde
667 2559 897 2647 Asclepiadem,
913 2585 1033 2649 τραγῳ-

92 2657 241 2740 δουμέτων
259 2661 459 2745 scriptorem,
485 2652 642 2718 Plutarch.
666 2653 708 2719 V.
734 2652 778 2718 X.
798 2654 941 2747 Oratp.
959 2663 1031 2733 237.

91 2752 230 2820 Werfer.
250 2753 321 2818 Act.
339 2751 451 2817 Philol.
470 2748 598 2814 Monac.
618 2747 700 2814 Τ.Ι.
717 2772 748 2838 p.
766 2747 837 2817 192.
849 2776 917 2843 sqq.
957 2758 1032 2825 Phi.

159 3074 186 3137 l)
204 3075 259 3128 cic.
277 3073 359 3126 Tusc.
376 3072 453 3144 Disp.
472 3075 494 3139 l,
510 3072 537 3129 4.
615 3035 617 3042 ¹
741 3150 742 3155 ἵ
911 3109 914 3115 .

158 3173 188 3243 ²)
208 3174 370 3228 Theodorus
387 3174 507 3229 Metoclt.
542 3177 621 3229 Misc.
640 3172 742 3229 Philos.
761 3182 791 3231 et
810 3175 883 3231 nist.
900 3195 923 3233 c.
942 3180 989 3237 25.

157 3274 184 3340 3)
204 3277 247 3329 Da
264 3273 318 3329 hoc
335 3275 451 3343 insignis
474 3284 518 3330 cst
536 3277 619 3341 ¹loona
644 3262 737 3344 Steph.
754 3277 825 3345 Byr.
843 3282 870 3346 p.
887 3277 951 3334 692.
973 3284 1029 3339 l'in.

93 3357 253 3412 observatus
270 3358 327 3410 iam
346 3357 515 3410 Ruhnkenio.
548 3357 614 3410 Add.
633 3356 784 3426 Goettling.
802 3357 1030 3420 3311111101.Ρο-

91 3440 134 3572 qq.
153 3454 178 3507 p.
195 3437 335 3573 293÷4seq
372 3439 461 3492 Natus
480 3442 541 3490 orat
559 3438 633 3490 circa
650 3437 758 3506 Olymp.
770 3439 810 3514 C.
836 3438 873 3492 cf.
891 3440 1041 3529 l’latarolt.⁴

125 3533 167 3573 ex.
184 3533 210 3586 p.
286 3555 293 3573 .

159 3617 189 3680 4)
206 3616 346 3671 ananam.
362 3619 434 3672 arsa
453 3619 520 3672 cst.
538 3632 565 3687 p.
579 3617 641 3672 1oo.
676 3584 842 3674 acumem
857 3628 968 3691 poetam
985 3645 1029 3680 ω.

93 3697 341 3781 odeumbobemos
359 3701 432 3770 apud
449 3698 546 3753 Athen.
565 3698 600 3754 X.
615 3715 642 3769 p.
661 3695 725 3755 399.
742 3701 776 3754 Ε.
817 3746 821 3753 ,

158 3799 186 3864 5)
204 3797 321 3855 Scidet
333 3799 458 3872 bipalmis
470 3801 586 3874 Dionys.
600 3801 635 3855 do
648 3803 727 3858 leaeo
741 3801 785 3856 19.
802 3801 865 3858 Vol.
879 3804 912 3859 V.
929 3822 955 3875 p.
964 3808 1029 3864 625.

754 3890 782 3957 Β
805 3895 825 3954 2
