2534 4658
591 322 821 441 ſs-re-

270 600 274 609 .
326 539 501 610 Multorum
511 544 748 612 criminationes
761 545 859 609 etiam
870 542 956 609 alind
965 539 1076 609 habirit
1088 539 1199 609 Theo-

244 641 367 730 pompi·
391 661 491 728 opus,
523 636 793 704 ἘΠΙΣΤΟΛΑΙ
817 637 1055 703 ’APXAIKAL
1101 639 1199 705 Hune

244 738 330 804 eninr
350 737 474 802 titulum
494 737 587 801 unies
613 756 724 801 verum
752 739 912 802 existimo.
954 735 1044 803 Nam-
1059 737 1141 823 qnod
1163 740 1200 801 in

216 857 221 872 ·
245 835 432 924 quibusdam
450 833 538 899 libris
552 831 702 916 Dionysii
722 847 780 912 est,
799 831 938 916 Ἀχαϊκαί,
957 834 1116 921 quomodo
1134 833 1199 913 „ad

243 934 384 998 famosos
402 929 526 995 libellos
547 929 588 994 ab
608 933 810 995 Anaximene
836 930 896 994 suh
918 928 1119 1017 Theopompi
1138 952 1199 996 no·

243 1033 328 1109 mine
347 1025 525 1112 divulgatos
555 1025 639 1092 trahi
664 1024 793 1112 possit?
822 1041 858 1093 ut
874 1027 1064 1114 Syllrurgius
1085 1029 1198 1114 opina-

243 1123 347 1203 batur,
366 1145 432 1189 non
448 1122 603 1208 intelligo.
651 1121 722 1190 Neo
742 1127 845 1210 magis
862 1123 1030 1227 probanda
1047 1137 1097 1189 est
1118 1124 1198 1189 alte-

242 1204 310 1323 rius
331 1221 413 1287 tituli
435 1217 608 1286 abeodem
629 1223 793 1308 proposita
810 1221 991 1311 explieatio,
1019 1234 1055 1285 ut
1074 1220 1198 1284 ἐπιστο-

242 1318 294 1383 λαὶ
316 1317 458 1404 tepeseat
482 1322 546 1383 sint
578 1321 728 1404 „antiquo
757 1318 830 1384 stilo
856 1321 1020 1404 scriptae.'’
1067 1316 1197 1385 Vellem

243 1417 430 1502 seire,.quid
457 1415 599 1480 sordium
627 1437 672 1479 ex
699 1419 831 1502 antiquo
856 1437 945 1480 more
966 1412 1196 1503 Theopompus

243 1516 422 1591 corroserit,
447 1525 483 1576 ut
502 1512 564 1577 hae
583 1511 736 1597 epistolae
761 1514 837 1577 inde
864 1532 980 1576 nomeu
1005 1515 1196 1598 acciperent.

243 1609 442 1699 Quamquam
463 1607 711 1674 Valckenarinm
731 1610 825 1675 video
850 1611 884 1674 in
904 1609 1018 1673 eadem
1037 1612 1198 1674 sententia

241 1712 353 1787 luisse,
371 1710 424 1795 qui
442 1706 631 1771 emendabat
649 1706 734 1793 apud
753 1705 955 1790 Dionysium,
984 1701 1144 1778 ἐπιστολάς
1164 1696 1197 1770 ss

241 1806 296 1881 τὰς
317 1803 487 1889 ἀρχαϊκῶς
504 1805 704 1886 γραφομένας,
723 1802 877 1892 probante
898 1801 1095 1881 Ruhnkenio
1107 1803 1195 1869 Hier.

242 1905 320 1971 Crit.
340 1927 373 1990 p.
396 1901 466 1965 163.
507 1898 572 1976 Qui
594 1901 679 1987 quod
700 1901 926 1965 emendandam
945 1897 1096 1982 Dionysii
1115 1902 1197 1981 seris

241 2016 366 2089 pturam
388 1999 521 2074 sensuit,
539 2001 710 2063 assentior:
731 1998 984 2063 emendationem
1002 1996 1104 2083 probo
1122 1994 1196 2081 syl-

241 2098 363 2184 hurgii:
397 2091 542 2179 ἆρχαϊκάς
576 2093 836 2178 ἐπιγραφομένας.
887 2091 976 2157 ldern
1004 2091 1196 2179 Sylburgius

241 2194 337 2267 aliam
366 2213 490 2280 quoqne
517 2191 730 2278 Epistolarum
764 2190 914 2278 ἀρχαϊκαῖα
947 2190 1195 2277 explicationem

240 2295 422 2379 proposuit:
455 2289 496 2353 de
519 2293 627 2372 prato·
650 2291 776 2356 saeculi
800 2287 982 2366 virtutihus,
1012 2310 1107 2376 quam
1133 2289 1196 2370 etsi

242 2390 281 2455 de
304 2386 473 2454 virtutibus
494 2386 573 2450 nihil
590 2389 625 2450 in
645 2387 842 2472 fragmentis,
872 2385 971 2451 multa
992 2387 1032 2451 de
1054 2409 1195 2474 quorun·

241 2489 313 2551 dam
332 2486 495 2551 hominum
512 2486 598 2548 vitiis
622 2487 760 2572 reperio,
789 2485 862 2548 dum
881 2482 995 2549 melius
1016 2484 1092 2572 quid
1113 2484 1201 2564 atre<

240 2599 338 2661 ratur,
360 2582 541 2667 amplector.
583 2576 745 2661 Ἐπιστολὴ
770 2580 847 2666 πρὸς
864 2578 1064 2664 Ἀλεξανδροα
1080 2580 1194 2646 lauda·

241 2696 292 2746 tur
312 2679 352 2745 ab
371 2679 489 2744 Athen.
511 2674 601 2741 ΧΠΙ.
620 2699 652 2763 p.
667 2677 737 2742 595.
747 2676 788 2742 A.
812 2701 892 2764 quae
913 2676 1106 2743 Ruhnkenio
1126 2698 1194 2759 nou

241 2781 367 2844 diversa
400 2773 566 2839 videbatur
601 2796 621 2838 a
656 2771 850 2857 Σομβουλαῖς
879 2772 956 2859 πρὸς
981 2771 1193 2862 Ἀλέξανδρον,

238 2875 357 2941 Athen.
385 2870 443 2939 VI.
478 2892 510 2956 p.
535 2871 607 2935 230.
627 2869 666 2934 F.
720 2869 833 2959 Neque
864 2871 1117 2955 Συμβοολεοτιαὸς
1151 2873 1194 2939 ad

238 2970 476 3047 Alexandrum,
517 2989 610 3053 quem
652 2981 876 3034 commemorat
904 2967 1018 3035 Cicero
1051 2970 1095 3035 ed
1123 2971 1200 3036 Aet..

239 3062 315 3144 ΧΠ,
336 3063 388 3131 40.
408 3064 449 3128 ah
470 3063 521 3128 his
552 3067 748 3151 separandus
771 3066 905 3130 videtur.
943 3066 1129 3133 Athenaeus
1149 3069 1193 3133 L.

238 3164 329 3232 XIIL
347 3187 380 3253 p.
399 3161 471 3226 586.
494 3158 531 3226 C.
560 3158 668 3225 laudat
696 3159 938 3251 Theopompum
966 3163 998 3227 ἐν
1028 3170 1094 3237 τοῖς
1124 3160 1201 3252 περὶΙ

237 3267 290 3345 τῆς
311 3263 396 3328 Χίοιο
416 3255 602 3338 Ἐπιστολῆς,
629 3258 713 3346 quod
740 3258 826 3327 haud
854 3263 921 3326 seio
949 3282 991 3326 an
1010 3259 1114 3327 lenius
1135 3259 1193 3327 alii

239 3360 458 3436 correxerint,
500 3359 606 3423 verius
641 3357 767 3445 quidem
799 3357 879 3427 nihil
910 3359 1060 3426 existimo
1095 3380 1194 3446 quam

1104 3454 1192 3543 quod

238 3793 265 3847 p.
287 3771 350 3828 ns.
366 3773 475 3828 ranno.
493 3773 530 3826 ar
543 3771 625 3826 nnn.
645 3758 722 3826 chr.
742 3770 777 3822 r.
786 3769 807 3822 1.
825 3785 853 3840 p.
864 3768 927 3828 mo.
943 3769 1081 3842 nuuopr.
1092 3750 1192 3842 ‘prais

239 3858 276 3928 ad
291 3857 325 3929 L.
343 3856 412 3912 Anu.
428 3854 524 3910 Senes.
541 3854 604 3909 Vol.
623 3850 721 3923 lv.'1›.
736 3850 838 3906 xxxi.
