2534 4658
441 390 651 464 ..47-

70 563 195 652 quidem
213 565 242 627 si
255 555 437 628 memineris
450 566 484 628 in
499 583 541 627 eo
554 580 681 650 quoque
690 560 782 641 lihru,
795 585 898 651 ¹quem
911 563 1020 634 Theo·

68 684 184 749 pompo
213 662 379 748 supposuit
405 658 641 735 Anaximenes,
678 665 836 741 accusari,
869 671 1021 755 numquid

69 759 221 824 audacius
245 760 359 823 iecisse
383 757 571 835 videbimns,
594 757 623 821 si
650 755 851 827 uhditicium
874 767 969 832 istum
989 781 1023 833 et

70 855 280 921 Tricurnnum
300 877 365 921 nou
386 855 529 921 diversos
551 848 652 919 fuisse
672 850 920 926 coniecerirnnsl
936 862 1021 930 Huic

70 956 271 1019 coniecturae
290 974 451 1040 magnum,
467 964 503 1017 ut
514 952 660 1063 equidem
677 940 821 1032 arbitror,
841 955 1029 1027 firmamen.

69 1067 137 1116 trum
161 1050 286 1122 ¹accedit
320 1072 365 1115 ex
391 1048 529 1137 losephu
559 1070 586 1114 c.
613 1049 732 1136 Apion.
756 1049 797 1117 Τ.
817 1051 858 1118 11.
894 1072 925 1144 p.
948 1055 1020 1125 459.

70 1149 209 1214 anerc.
228 1146 281 1210 sul
301 1147 361 1234 γὰρ
378 1147 477 1213 wudu
492 1167 567 1220 τινες
584 1145 638 1208 καλ
658 1151 719 1211 τῶν
736 1147 943 1226 ἐνδοξοτάτων
957 1154 1022 1248 ngl-

69 1244 146 1311 λειον
164 1246 314 1331 ῥυπαίνειν
333 1243 388 1327 τὴν
406 1242 551 1325 εὗγενιιοιν
569 1241 622 1308 καλ
641 1243 696 1318 τὰς
709 1242 860 1323 πολιτείας
876 1235 1024 1336 inexupe-

70 1367 129 1408 οοιν
147 1339 310 1429 λοιδορεῖν·
346 1339 528 1425 Θεόπομπος
555 1337 608 1424 μὲν
632 1340 693 1423 τὴν
712 1339 891 1428 Ἀθηναίων,
913 1351 967 1434 τὴν
990 1352 1025 1417 δὲ

70 1439 317 1524 Λακεδαιμονίων
344 1436 555 1526 Πολυκράτης,
582 1437 601 1501 ὁ
629 1436 663 1501 δὲ
679 1437 754 1504 -τὸν
784 1446 1029 1527 Τριπολιτιω

71 1538 141 1603 κὸν
162 1535 286 1622 γράψας
312 1535 453 1624 (οὐγὰρ
485 1533 523 1618 δι’]
550 1531 730 1618 Θεόπομπός
759 1537 855 1619 ἔστιν,
885 1542 926 1616 ὥς
949 1566 1024 1622 τινες

72 1636 208 1722 οἴονται)
236 1634 290 1699 κοιλ
314 1635 369 1720 τὴν
399 1635 543 1720 Θηβαίων
568 1628 658 1696 πόλιν
687 1631 811 1721 διέβαλε.
837 1634 917 1705 Ἠλὶ
938 1645 1024 1729 quod

71 1735 300 1823 Theopompus
323 1735 483 1799 civitatem
495 1727 745 1797 -Athcuiensim‘n
771 1739 927 1822 carpsisse
946 1739 1024 1826 clici.

72 1846 134 1910 tnr‚
151 1833 186 1895 id
203 1852 242 1895 eo
263 1830 334 1895 loco
353 1830 469 1894 fecisse
494 1829 630 1907 villelm,
653 1848 746 1916 quem
763 1832 1027 1917 significaverunt

72 1930 257 1996 Athenaeus
275 1929 316 1993 L.
337 1926 394 1992 Vl.
420 1951 451 2013 p.
472 1922 545 1991 254.
565 1924 604 1990 B.
630 1938 663 1989 et
682 1924 866 1997 Demetrius
891 1932 931 1998 de
947 1934 1024 2000 Elo-

72 2041 135 2092 cut.
158 2032 186 2107 ς.
207 2025 281 2089 251.
326 2023 546 2110 Tripoliiicum
573 2045 651 2089 vero
671 2026 778 2103 istum,
805 2031 860 2114 qui
881 2053 953 2097 cnm
971 2054 1024 2097 re·

71 2124 283 2212 prehensione
295 2118 537 2186 Atheniensium
548 2133 581 2184 et
592 2121 918 2210 Lacedaemoniorum
927 2136 1024 2194 etium
1069 2160 1074 2179 ·

72 2221 300 2287 Thebanorum
328 2220 578 2282 criminationem
605 2219 789 2299 coniunxit,
829 2225 933 2310 quivis
959 2227 1032 2293 iem*

72 2319 191 2395 videet,
213 2337 284 2380 cum
297 2313 475 2379 Murano
490 2310 545 2379 illo
556 2328 666 2379 nostro
676 2314 776 2409 plene
785 2320 922 2386 eundern
936 2326 1029 2390 esrer'

74 2418 164 2480 cuius
185 2434 245 2478 nos
266 2412 393 2498 quidem
412 2411 648 2477 Anaximeuem
668 2426 829 2480 auctorem
852 2417 950 2483 nrum
970 2442 1026 2485 su-

73 2515 242 2599 spicamur,
262 2508 428 2597 Iosephus,
449 2523 559 2574 contra
580 2530 618 2576 ee
640 2512 783 2577 nonnulli
805 2514 1025 2600 opinabantur,

73 2623 158 2676 certe
178 2608 424 2697 Theopompum
442 2627 508 2671 nou
526 2629 598 2672 esse
618 2607 764 2675 uffirrrrur.
787 2611 815 2695 Ι)

143 2907 172 2972 ¹)
191 2908 246 2961 Alii
268 2907 334 2978 quid
364 2921 399 2959 es
423 2907 457 2961 (le
483 2907 777 2972 uindicaturum,
803 2916 950 2979 exspecto:
983 2911 1024 2966 iu·

75 2992 157 3045 ierim
173 2990 272 3042 videor
292 2993 321 3044 c.
337 2989 369 3041 0.
384 2989 515 3043 Muellerl
532 2989 600 3043 mihi
616 2989 749 3058 gratulari
772 3005 855 3059 posse
872 3005 1024 3057 manum,

75 3088 157 3143 quem
178 3071 260 3124 video
286 3075 317 3123 et
337 3070 428 3136 ipsum
456 3072 486 3124 iu
511 3071 627 3140 Ephem.
651 3072 795 3142 Goettiug.
814 3070 896 3127 1825.
914 3090 941 3143 p.
960 3059 1025 3131 371.

75 3156 257 3208 'l'ricureuum
280 3167 298 3204 u
323 3150 505 3222 Theopompo
530 3152 746 3217 amaricavisse.
765 3155 820 3206 etsi
844 3155 872 3205 iu
898 3155 970 3208 libro
990 3157 1027 3211 de

76 3233 207 3289 Orchom.
231 3249 258 3303 p.
278 3231 341 3284 10⁷.
366 3230 468 3285 nullam
496 3226 632 3287 eiusmodi
656 3235 843 3304 suspicionem
867 3234 1025 3290 indicasset.

76 3314 250 3384 Quemquam
270 3329 304 3367 eu
319 3314 348 3367 iu
366 3310 411 3366 his
434 3314 517 3367 terris
540 3314 696 3368 conditione
721 3315 849 3377 vivimus,
878 3320 909 3366 ut
931 3316 1025 3371 multis

75 3394 223 3449 librisuut
240 3397 351 3449 omniuo
367 3394 513 3448 carendum
532 3397 578 3459 sit,
597 3403 645 3449 eut
664 3410 726 3449 seru
743 3410 792 3448 eos
812 3409 1025 3464 cognoscemus:

76 3493 132 3549 quc
151 3478 212 3532 fleri
230 3477 313 3530 facilc
331 3478 431 3547 potuit,
453 3481 485 3528 ut
510 3477 635 3540 eliorum,
663 3477 709 3545 qui
734 3476 837 3528 similis
863 3479 1026 3548 docuerunt,

76 3561 170 3631 ignum
186 3560 352 3613 mentionem
376 3558 589 3628 negligeremus.
630 3557 674 3609 De
692 3557 820 3610 Muelleri
835 3560 945 3628 quidem
963 3579 1025 3616 sen·

77 3641 167 3695 tentis
193 3655 227 3694 eo
251 3640 313 3708 ipso
337 3645 470 3708 tempore,
494 3653 548 3707 quo
571 3637 621 3691 hes
646 3639 772 3707 plagulas
798 3640 1025 3710 describeremus,

78 3722 262 3793 comperimus
281 3735 315 3772 ex
334 3719 432 3774 Beckii
450 3719 594 3789 Repertor.
615 3718 695 3773 1825.
712 3721 791 3774 Tum.
808 3722 855 3776 lll.
873 3738 899 3792 p.
912 3724 978 3778 261.
990 3751 1026 3765 -

77 3807 206 3858 cetemm
223 3801 356 3857 Varronis
372 3816 481 3871 quoque
500 3797 672 3876 Τρικάρανον
692 3801 778 3855 fuisse
795 3817 831 3856 ex
849 3804 1025 3873 Appieuo'de

76 3885 111 3940 Β.
131 3887 163 3940 c.
178 3885 212 3951 ll,
229 3883 257 3938 9.
283 3886 406 3948 οοιιιλειις
430 3882 466 3938 cl.
487 3882 636 3955 Speuheur.
660 3883 696 3940 ‹le
719 3880 824 3940 Pruest.
842 3885 925 3941 Nun.
941 3888 976 3944 Τ.
990 3887 1026 3943 11.
