<?xml version="1.0" encoding="UTF-8"?>
<!DOCTYPE html PUBLIC "-//W3C//DTD XHTML 1.0 Transitional//EN"
    "http://www.w3.org/TR/xhtml1/DTD/xhtml1-transitional.dtd">
<html xmlns="http://www.w3.org/1999/xhtml" xml:lang="en" lang="en">
 <head>
  <title>
</title>
<meta http-equiv="Content-Type" content="text/html;charset=utf-8" />
  <meta name='ocr-system' content='tesseract 3.04.00' />
  <meta name='ocr-capabilities' content='ocr_page ocr_carea ocr_par ocr_line ocrx_word'/>
</head>
<body>
  <div class='ocr_page' id='page_1' title='image "./detheopompichii00pflugoog_0079.png"; bbox 0 0 2534 4658; ppageno 0'>
   <div class='ocr_carea' id='block_1_1' title="bbox 615 366 825 431">
    <p class='ocr_par' dir='ltr' id='par_1_1' title="bbox 615 366 825 431">
     <span class='ocr_line' id='line_1_1' title="bbox 615 366 825 431; baseline -0.014 -12"><span class='ocrx_word' id='word_1_1' title='bbox 615 366 825 431; x_wconf 58' lang='lat'>..50-</span> 
     </span>
    </p>
   </div>
   <div class='ocr_carea' id='block_1_2' title="bbox 247 533 1205 3427">
    <p class='ocr_par' dir='ltr' id='par_1_2' title="bbox 247 533 1205 3427">
     <span class='ocr_line' id='line_1_2' title="bbox 247 533 1195 622; baseline 0.007 -26"><span class='ocrx_word' id='word_1_2' title='bbox 247 533 389 618; x_wconf 77' lang='lat' dir='ltr'>prodigi,</span> <span class='ocrx_word' id='word_1_3' title='bbox 422 538 526 598; x_wconf 87' lang='lat' dir='ltr'>avari:</span> <span class='ocrx_word' id='word_1_4' title='bbox 564 557 694 622; x_wconf 89' lang='lat' dir='ltr'>quorum</span> <span class='ocrx_word' id='word_1_5' title='bbox 720 547 880 602; x_wconf 25' lang='lat' dir='ltr'>nocturna*</span> <span class='ocrx_word' id='word_1_6' title='bbox 897 535 1018 603; x_wconf 79' lang='lat' dir='ltr'>scelera</span> <span class='ocrx_word' id='word_1_7' title='bbox 1046 560 1084 609; x_wconf 85' lang='lat' dir='ltr'>ac</span> <span class='ocrx_word' id='word_1_8' title='bbox 1110 537 1195 604; x_wconf 84' lang='lat' dir='ltr'>furta</span> 
     </span>
     <span class='ocr_line' id='line_1_3' title="bbox 249 630 1196 719; baseline 0.006 -25"><span class='ocrx_word' id='word_1_9' title='bbox 249 630 414 694; x_wconf 78' lang='lat' dir='ltr'><strong>Graeciam</strong></span> <span class='ocrx_word' id='word_1_10' title='bbox 444 633 733 716; x_wconf 83' lang='lat' dir='ltr'>pessumdederunt.</span> <span class='ocrx_word' id='word_1_11' title='bbox 784 632 829 697; x_wconf 88' lang='lat' dir='ltr'>Hi</span> <span class='ocrx_word' id='word_1_12' title='bbox 857 631 1098 719; x_wconf 82' lang='lat' dir='ltr'>Theopompum</span> <span class='ocrx_word' id='word_1_13' title='bbox 1130 656 1196 702; x_wconf 89' lang='lat' dir='ltr'>non</span> 
     </span>
     <span class='ocr_line' id='line_1_4' title="bbox 248 726 1195 815; baseline 0.007 -25"><span class='ocrx_word' id='word_1_14' title='bbox 248 726 434 804; x_wconf 83' lang='lat' dir='ltr'>fefellerunt,</span> <span class='ocrx_word' id='word_1_15' title='bbox 456 732 509 815; x_wconf 88' lang='lat' dir='ltr'>qui</span> <span class='ocrx_word' id='word_1_16' title='bbox 531 749 594 792; x_wconf 90' lang='lat' dir='ltr'>non</span> <span class='ocrx_word' id='word_1_17' title='bbox 615 728 712 794; x_wconf 84' lang='lat' dir='ltr'>verba</span> <span class='ocrx_word' id='word_1_18' title='bbox 733 729 857 794; x_wconf 88' lang='lat' dir='ltr'>illorum</span> <span class='ocrx_word' id='word_1_19' title='bbox 879 729 1047 809; x_wconf 85' lang='lat' dir='ltr'>audienda,</span> <span class='ocrx_word' id='word_1_20' title='bbox 1073 733 1130 796; x_wconf 88' lang='lat' dir='ltr'>sed</span> <span class='ocrx_word' id='word_1_21' title='bbox 1148 732 1195 797; x_wconf 85' lang='lat' dir='ltr'>fa·</span> 
     </span>
     <span class='ocr_line' id='line_1_5' title="bbox 250 825 1196 912; baseline 0.005 -24"><span class='ocrx_word' id='word_1_22' title='bbox 250 837 299 888; x_wconf 92' lang='lat' dir='ltr'>cta</span> <span class='ocrx_word' id='word_1_23' title='bbox 325 825 563 904; x_wconf 86' lang='lat' dir='ltr'>consideranda,</span> <span class='ocrx_word' id='word_1_24' title='bbox 589 838 632 903; x_wconf 88' lang='lat' dir='ltr'>ct,</span> <span class='ocrx_word' id='word_1_25' title='bbox 660 838 815 912; x_wconf 87' lang='lat' dir='ltr'>tamquam</span> <span class='ocrx_word' id='word_1_26' title='bbox 841 827 940 890; x_wconf 82' lang='lat' dir='ltr'>iudex</span> <span class='ocrx_word' id='word_1_27' title='bbox 965 828 1048 912; x_wconf 88' lang='lat' dir='ltr'>apud</span> <span class='ocrx_word' id='word_1_28' title='bbox 1076 829 1196 893; x_wconf 75' lang='lat' dir='ltr'>inferos</span> 
     </span>
     <span class='ocr_line' id='line_1_6' title="bbox 248 920 1195 1009; baseline 0.003 -24"><span class='ocrx_word' id='word_1_29' title='bbox 248 920 367 999; x_wconf 71' lang='grc' dir='ltr'>Μὶιιοε,</span> <span class='ocrx_word' id='word_1_30' title='bbox 395 923 464 991; x_wconf 86' lang='lat' dir='ltr'>istis</span> <span class='ocrx_word' id='word_1_31' title='bbox 491 943 548 986; x_wconf 90' lang='lat' dir='ltr'>eos</span> <span class='ocrx_word' id='word_1_32' title='bbox 576 920 759 998; x_wconf 54' lang='lat' dir='ltr'>involucris,</span> <span class='ocrx_word' id='word_1_33' title='bbox 775 922 958 1008; x_wconf 84' lang='lat' dir='ltr'>spoliandos</span> <span class='ocrx_word' id='word_1_34' title='bbox 987 924 1133 1009; x_wconf 86' lang='lat' dir='ltr'>putabat:</span> <span class='ocrx_word' id='word_1_35' title='bbox 1163 927 1195 989; x_wconf 93' lang='lat' dir='ltr'>in</span> 
     </span>
     <span class='ocr_line' id='line_1_7' title="bbox 249 1017 1197 1104; baseline 0.007 -24"><span class='ocrx_word' id='word_1_36' title='bbox 249 1040 311 1104; x_wconf 92' lang='lat' dir='ltr'>quo</span> <span class='ocrx_word' id='word_1_37' title='bbox 329 1017 383 1080; x_wconf 87' lang='lat' dir='ltr'>ille</span> <span class='ocrx_word' id='word_1_38' title='bbox 401 1040 586 1104; x_wconf 87' lang='lat' dir='ltr'>quamquam</span> <span class='ocrx_word' id='word_1_39' title='bbox 605 1040 800 1084; x_wconf 91' lang='lat' dir='ltr'>communem</span> <span class='ocrx_word' id='word_1_40' title='bbox 819 1023 947 1104; x_wconf 84' lang='lat' dir='ltr'>generis</span> <span class='ocrx_word' id='word_1_41' title='bbox 957 1020 1087 1087; x_wconf 87' lang='lat' dir='ltr'>humani</span> <span class='ocrx_word' id='word_1_42' title='bbox 1105 1042 1197 1087; x_wconf 84' lang='lat' dir='ltr'>caus·</span> 
     </span>
     <span class='ocr_line' id='line_1_8' title="bbox 249 1115 1198 1204; baseline 0.005 -26"><span class='ocrx_word' id='word_1_43' title='bbox 249 1138 316 1178; x_wconf 86' lang='lat' dir='ltr'>sam</span> <span class='ocrx_word' id='word_1_44' title='bbox 337 1116 442 1198; x_wconf 82' lang='lat' dir='ltr'>egisse</span> <span class='ocrx_word' id='word_1_45' title='bbox 463 1115 639 1178; x_wconf 88' lang='lat' dir='ltr'>censendus</span> <span class='ocrx_word' id='word_1_46' title='bbox 661 1128 719 1193; x_wconf 92' lang='lat' dir='ltr'>est,</span> <span class='ocrx_word' id='word_1_47' title='bbox 742 1129 846 1180; x_wconf 89' lang='lat' dir='ltr'>tamen</span> <span class='ocrx_word' id='word_1_48' title='bbox 867 1115 952 1181; x_wconf 89' lang='lat' dir='ltr'>haud</span> <span class='ocrx_word' id='word_1_49' title='bbox 968 1121 1035 1182; x_wconf 91' lang='lat' dir='ltr'>scio</span> <span class='ocrx_word' id='word_1_50' title='bbox 1057 1139 1118 1204; x_wconf 91' lang='lat' dir='ltr'>quo</span> <span class='ocrx_word' id='word_1_51' title='bbox 1140 1141 1198 1202; x_wconf 86' lang='lat' dir='ltr'>pn·</span> 
     </span>
     <span class='ocr_line' id='line_1_9' title="bbox 249 1211 1204 1299; baseline 0.003 -23"><span class='ocrx_word' id='word_1_52' title='bbox 249 1225 298 1277; x_wconf 90' lang='lat' dir='ltr'>cto</span> <span class='ocrx_word' id='word_1_53' title='bbox 318 1214 342 1275; x_wconf 91' lang='lat' dir='ltr'>ii</span> <span class='ocrx_word' id='word_1_54' title='bbox 364 1233 487 1296; x_wconf 78' lang='lat' dir='ltr'>semper</span> <span class='ocrx_word' id='word_1_55' title='bbox 504 1211 604 1275; x_wconf 90' lang='lat' dir='ltr'>invidi</span> <span class='ocrx_word' id='word_1_56' title='bbox 625 1234 662 1274; x_wconf 90' lang='lat' dir='ltr'>ac</span> <span class='ocrx_word' id='word_1_57' title='bbox 690 1211 836 1277; x_wconf 87' lang='lat' dir='ltr'>maledici</span> <span class='ocrx_word' id='word_1_58' title='bbox 856 1213 1021 1291; x_wconf 86' lang='lat' dir='ltr'>hahentur,</span> <span class='ocrx_word' id='word_1_59' title='bbox 1047 1217 1101 1299; x_wconf 91' lang='lat' dir='ltr'>qui</span> <span class='ocrx_word' id='word_1_60' title='bbox 1116 1216 1204 1286; x_wconf 77' lang='lat' dir='ltr'>istos¹</span> 
     </span>
     <span class='ocr_line' id='line_1_10' title="bbox 248 1307 1198 1376; baseline 0.004 -5"><span class='ocrx_word' id='word_1_61' title='bbox 248 1307 409 1372; x_wconf 89' lang='lat' dir='ltr'>hominum</span> <span class='ocrx_word' id='word_1_62' title='bbox 445 1311 590 1372; x_wconf 81' lang='lat' dir='ltr'>societati</span> <span class='ocrx_word' id='word_1_63' title='bbox 620 1310 853 1372; x_wconf 88' lang='lat' dir='ltr'>inimicissimos</span> <span class='ocrx_word' id='word_1_64' title='bbox 884 1311 1085 1376; x_wconf 79' lang='lat' dir='ltr'>insidiatores</span> <span class='ocrx_word' id='word_1_65' title='bbox 1118 1323 1198 1375; x_wconf 88' lang='lat' dir='ltr'>tam·</span> 
     </span>
     <span class='ocr_line' id='line_1_11' title="bbox 248 1401 1198 1491; baseline 0.004 -25"><span class='ocrx_word' id='word_1_66' title='bbox 248 1427 342 1491; x_wconf 89' lang='lat' dir='ltr'>qnam</span> <span class='ocrx_word' id='word_1_67' title='bbox 371 1401 542 1468; x_wconf 86' lang='lat' dir='ltr'>clatebris</span> <span class='ocrx_word' id='word_1_68' title='bbox 568 1408 792 1490; x_wconf 78' lang='lat' dir='ltr'>protraxerint.</span> <span class='ocrx_word' id='word_1_69' title='bbox 841 1406 906 1471; x_wconf 85' lang='lat' dir='ltr'>Sed</span> <span class='ocrx_word' id='word_1_70' title='bbox 937 1429 979 1470; x_wconf 90' lang='lat' dir='ltr'>ne</span> <span class='ocrx_word' id='word_1_71' title='bbox 1011 1409 1063 1479; x_wconf 85' lang='lat' dir='ltr'>cui</span> <span class='ocrx_word' id='word_1_72' title='bbox 1089 1408 1198 1472; x_wconf 82' lang='lat' dir='ltr'>favere</span> 
     </span>
     <span class='ocr_line' id='line_1_12' title="bbox 250 1500 1197 1590; baseline 0.005 -26"><span class='ocrx_word' id='word_1_73' title='bbox 250 1500 458 1587; x_wconf 83' lang='lat' dir='ltr'>Theopompo</span> <span class='ocrx_word' id='word_1_74' title='bbox 475 1505 693 1587; x_wconf 85' lang='lat' dir='ltr'>magisquam</span> <span class='ocrx_word' id='word_1_75' title='bbox 714 1504 839 1566; x_wconf 80' lang='lat' dir='ltr'>veritati</span> <span class='ocrx_word' id='word_1_76' title='bbox 861 1503 980 1580; x_wconf 82' lang='lat' dir='ltr'>videar,</span> <span class='ocrx_word' id='word_1_77' title='bbox 1002 1525 1067 1567; x_wconf 91' lang='lat' dir='ltr'>uon</span> <span class='ocrx_word' id='word_1_78' title='bbox 1086 1506 1116 1568; x_wconf 85' lang='lat' dir='ltr'>is</span> <span class='ocrx_word' id='word_1_79' title='bbox 1134 1527 1197 1590; x_wconf 83' lang='lat' dir='ltr'>ego</span> 
     </span>
     <span class='ocr_line' id='line_1_13' title="bbox 249 1597 1200 1684; baseline 0.003 -21"><span class='ocrx_word' id='word_1_80' title='bbox 249 1622 338 1677; x_wconf 85' lang='lat' dir='ltr'>sunr,</span> <span class='ocrx_word' id='word_1_81' title='bbox 366 1601 420 1684; x_wconf 89' lang='lat' dir='ltr'>qui</span> <span class='ocrx_word' id='word_1_82' title='bbox 445 1597 534 1662; x_wconf 84' lang='lat' dir='ltr'>illum</span> <span class='ocrx_word' id='word_1_83' title='bbox 561 1601 596 1663; x_wconf 90' lang='lat' dir='ltr'>in</span> <span class='ocrx_word' id='word_1_84' title='bbox 619 1599 848 1684; x_wconf 85' lang='lat' dir='ltr'>investigandis</span> <span class='ocrx_word' id='word_1_85' title='bbox 873 1599 1036 1665; x_wconf 87' lang='lat' dir='ltr'>fraudibus</span> <span class='ocrx_word' id='word_1_86' title='bbox 1064 1600 1200 1666; x_wconf 80' lang='lat' dir='ltr'>fortasse</span> 
     </span>
     <span class='ocr_line' id='line_1_14' title="bbox 250 1697 1199 1782; baseline 0.001 -22"><span class='ocrx_word' id='word_1_87' title='bbox 250 1699 342 1760; x_wconf 87' lang='lat' dir='ltr'>nimis</span> <span class='ocrx_word' id='word_1_88' title='bbox 363 1716 587 1780; x_wconf 80' lang='lat' dir='ltr'>nonnunquam</span> <span class='ocrx_word' id='word_1_89' title='bbox 608 1709 734 1760; x_wconf 90' lang='lat' dir='ltr'>acutum</span> <span class='ocrx_word' id='word_1_90' title='bbox 753 1697 852 1760; x_wconf 88' lang='lat' dir='ltr'>fuisse</span> <span class='ocrx_word' id='word_1_91' title='bbox 875 1710 968 1782; x_wconf 88' lang='lat' dir='ltr'>atque</span> <span class='ocrx_word' id='word_1_92' title='bbox 991 1699 1199 1761; x_wconf 80' lang='lat' dir='ltr'>ostentandae</span> 
     </span>
     <span class='ocr_line' id='line_1_15' title="bbox 250 1794 1199 1880; baseline 0.002 -24"><span class='ocrx_word' id='word_1_93' title='bbox 250 1794 448 1879; x_wconf 83' lang='lat' dir='ltr'>eloquentiae</span> <span class='ocrx_word' id='word_1_94' title='bbox 476 1804 569 1878; x_wconf 88' lang='lat' dir='ltr'>atque</span> <span class='ocrx_word' id='word_1_95' title='bbox 595 1796 707 1858; x_wconf 88' lang='lat' dir='ltr'>earum</span> <span class='ocrx_word' id='word_1_96' title='bbox 726 1795 972 1872; x_wconf 81' lang='lat' dir='ltr'>sententIarum,</span> <span class='ocrx_word' id='word_1_97' title='bbox 1005 1817 1085 1880; x_wconf 88' lang='lat' dir='ltr'>quae</span> <span class='ocrx_word' id='word_1_98' title='bbox 1106 1815 1199 1879; x_wconf 83' lang='lat' dir='ltr'>prae·</span> 
     </span>
     <span class='ocr_line' id='line_1_16' title="bbox 250 1887 1198 1977; baseline 0 -23"><span class='ocrx_word' id='word_1_99' title='bbox 250 1891 333 1968; x_wconf 86' lang='lat' dir='ltr'>clare</span> <span class='ocrx_word' id='word_1_100' title='bbox 353 1889 392 1952; x_wconf 90' lang='lat' dir='ltr'>de</span> <span class='ocrx_word' id='word_1_101' title='bbox 412 1891 527 1952; x_wconf 81' lang='lat' dir='ltr'>virtuto</span> <span class='ocrx_word' id='word_1_102' title='bbox 556 1887 712 1966; x_wconf 87' lang='lat' dir='ltr'>dicuntur,</span> <span class='ocrx_word' id='word_1_103' title='bbox 740 1894 939 1956; x_wconf 78' lang='lat' dir='ltr'>occasionem</span> <span class='ocrx_word' id='word_1_104' title='bbox 960 1894 1121 1977; x_wconf 89' lang='lat' dir='ltr'>quaesisse</span> <span class='ocrx_word' id='word_1_105' title='bbox 1142 1912 1198 1954; x_wconf 93' lang='lat' dir='ltr'>ne·</span> 
     </span>
     <span class='ocr_line' id='line_1_17' title="bbox 249 1977 1199 2073; baseline -0.001 -21"><span class='ocrx_word' id='word_1_106' title='bbox 249 2006 341 2073; x_wconf 86' lang='lat' dir='ltr'>gem:</span> <span class='ocrx_word' id='word_1_107' title='bbox 370 1986 428 2048; x_wconf 89' lang='lat' dir='ltr'>scd</span> <span class='ocrx_word' id='word_1_108' title='bbox 445 2008 518 2048; x_wconf 91' lang='lat' dir='ltr'>eum</span> <span class='ocrx_word' id='word_1_109' title='bbox 528 1977 691 2050; x_wconf 83' lang='lat' dir='ltr'>detrahere</span> <span class='ocrx_word' id='word_1_110' title='bbox 711 1988 854 2073; x_wconf 88' lang='lat' dir='ltr'>cuiquam</span> <span class='ocrx_word' id='word_1_111' title='bbox 873 2000 928 2050; x_wconf 88' lang='lat' dir='ltr'>aut</span> <span class='ocrx_word' id='word_1_112' title='bbox 946 1987 1121 2054; x_wconf 80' lang='lat' dir='ltr'>obtrectare</span> <span class='ocrx_word' id='word_1_113' title='bbox 1141 2009 1199 2052; x_wconf 85' lang='lat' dir='ltr'>vc·</span> 
     </span>
     <span class='ocr_line' id='line_1_18' title="bbox 249 2081 1204 2170; baseline 0.003 -23"><span class='ocrx_word' id='word_1_114' title='bbox 249 2085 346 2147; x_wconf 87' lang='lat' dir='ltr'>luisse</span> <span class='ocrx_word' id='word_1_115' title='bbox 366 2081 452 2146; x_wconf 86' lang='lat' dir='ltr'>haud</span> <span class='ocrx_word' id='word_1_116' title='bbox 470 2082 562 2147; x_wconf 84' lang='lat' dir='ltr'>facile</span> <span class='ocrx_word' id='word_1_117' title='bbox 582 2085 801 2157; x_wconf 84' lang='lat' dir='ltr'>concesserim.</span> <span class='ocrx_word' id='word_1_118' title='bbox 821 2084 850 2165; x_wconf 82' lang='lat'>¹)</span> <span class='ocrx_word' id='word_1_119' title='bbox 893 2081 979 2160; x_wconf 76' lang='lat' dir='ltr'>Quid</span> <span class='ocrx_word' id='word_1_120' title='bbox 999 2085 1116 2170; x_wconf 80' lang='lat' dir='ltr'>igiturI</span> <span class='ocrx_word' id='word_1_121' title='bbox 1139 2107 1204 2170; x_wconf 58' lang='lat' dir='ltr'>pu·,</span> 
     </span>
     <span class='ocr_line' id='line_1_19' title="bbox 249 2181 1199 2266; baseline 0.005 -24"><span class='ocrx_word' id='word_1_122' title='bbox 249 2181 380 2266; x_wconf 85' lang='lat' dir='ltr'>guantia</span> <span class='ocrx_word' id='word_1_123' title='bbox 397 2192 430 2242; x_wconf 88' lang='lat' dir='ltr'>et</span> <span class='ocrx_word' id='word_1_124' title='bbox 451 2182 608 2244; x_wconf 87' lang='lat' dir='ltr'>contraria</span> <span class='ocrx_word' id='word_1_125' title='bbox 620 2183 678 2266; x_wconf 86' lang='lat' dir='ltr'>¹qui</span> <span class='ocrx_word' id='word_1_126' title='bbox 698 2181 809 2259; x_wconf 87' lang='lat' dir='ltr'>tradat,</span> <span class='ocrx_word' id='word_1_127' title='bbox 828 2201 933 2244; x_wconf 87' lang='lat' dir='ltr'>nonne</span> <span class='ocrx_word' id='word_1_128' title='bbox 950 2184 1106 2246; x_wconf 89' lang='lat' dir='ltr'>mendacii</span> <span class='ocrx_word' id='word_1_129' title='bbox 1124 2204 1199 2255; x_wconf 88' lang='lat' dir='ltr'>con·</span> 
     </span>
     <span class='ocr_line' id='line_1_20' title="bbox 249 2275 1199 2363; baseline 0.003 -23"><span class='ocrx_word' id='word_1_130' title='bbox 249 2280 351 2340; x_wconf 86' lang='lat' dir='ltr'>victus</span> <span class='ocrx_word' id='word_1_131' title='bbox 371 2276 513 2340; x_wconf 79' lang='lat' dir='ltr'>teneturI</span> <span class='ocrx_word' id='word_1_132' title='bbox 536 2275 657 2363; x_wconf 86' lang='lat' dir='ltr'>Negari</span> <span class='ocrx_word' id='word_1_133' title='bbox 668 2276 703 2339; x_wconf 95' lang='lat' dir='ltr'>id</span> <span class='ocrx_word' id='word_1_134' title='bbox 720 2277 844 2363; x_wconf 91' lang='lat' dir='ltr'>quidem</span> <span class='ocrx_word' id='word_1_135' title='bbox 863 2297 927 2340; x_wconf 91' lang='lat' dir='ltr'>non</span> <span class='ocrx_word' id='word_1_136' title='bbox 946 2290 1060 2362; x_wconf 89' lang='lat' dir='ltr'>potest,</span> <span class='ocrx_word' id='word_1_137' title='bbox 1081 2300 1119 2349; x_wconf 86' lang='lat' dir='ltr'>ac</span> <span class='ocrx_word' id='word_1_138' title='bbox 1136 2278 1199 2343; x_wconf 89' lang='lat' dir='ltr'>Po-</span> 
     </span>
     <span class='ocr_line' id='line_1_21' title="bbox 249 2371 1200 2460; baseline 0.002 -23"><span class='ocrx_word' id='word_1_139' title='bbox 249 2373 352 2456; x_wconf 85' lang='lat' dir='ltr'>thius</span> <span class='ocrx_word' id='word_1_140' title='bbox 381 2375 417 2460; x_wconf 88' lang='lat' dir='ltr'>in</span> <span class='ocrx_word' id='word_1_141' title='bbox 444 2373 599 2438; x_wconf 89' lang='lat' dir='ltr'>eiusmodi</span> <span class='ocrx_word' id='word_1_142' title='bbox 632 2372 798 2437; x_wconf 90' lang='lat' dir='ltr'>mendacio</span> <span class='ocrx_word' id='word_1_143' title='bbox 834 2394 929 2458; x_wconf 91' lang='lat' dir='ltr'>quum</span> <span class='ocrx_word' id='word_1_144' title='bbox 956 2371 1200 2460; x_wconf 81' lang='lat' dir='ltr'>Theopompum</span> 
     </span>
     <span class='ocr_line' id='line_1_22' title="bbox 250 2469 1200 2556; baseline 0.001 -23"><span class='ocrx_word' id='word_1_145' title='bbox 250 2470 494 2556; x_wconf 87' lang='lat' dir='ltr'>deprehendisse</span> <span class='ocrx_word' id='word_1_146' title='bbox 521 2469 583 2535; x_wconf 87' lang='lat' dir='ltr'>sihi</span> <span class='ocrx_word' id='word_1_147' title='bbox 612 2471 790 2547; x_wconf 84' lang='lat' dir='ltr'>videretur,</span> <span class='ocrx_word' id='word_1_148' title='bbox 833 2473 972 2534; x_wconf 89' lang='lat' dir='ltr'>omnium</span> <span class='ocrx_word' id='word_1_149' title='bbox 1007 2470 1096 2534; x_wconf 90' lang='lat' dir='ltr'>illum</span> <span class='ocrx_word' id='word_1_150' title='bbox 1125 2493 1200 2556; x_wconf 83' lang='lat' dir='ltr'>gra·</span> 
     </span>
     <span class='ocr_line' id='line_1_23' title="bbox 248 2564 1205 2653; baseline -0.001 -23"><span class='ocrx_word' id='word_1_151' title='bbox 248 2571 376 2632; x_wconf 86' lang='lat' dir='ltr'>vissime</span> <span class='ocrx_word' id='word_1_152' title='bbox 398 2571 568 2636; x_wconf 85' lang='lat' dir='ltr'>accusavit.</span> <span class='ocrx_word' id='word_1_153' title='bbox 609 2564 805 2653; x_wconf 78' lang='lat' dir='ltr'>Quamquam</span> <span class='ocrx_word' id='word_1_154' title='bbox 825 2567 897 2630; x_wconf 78' lang='lat' dir='ltr'>uide</span> <span class='ocrx_word' id='word_1_155' title='bbox 916 2567 991 2652; x_wconf 92' lang='lat' dir='ltr'>quid</span> <span class='ocrx_word' id='word_1_156' title='bbox 1011 2568 1050 2631; x_wconf 89' lang='lat' dir='ltr'>dc</span> <span class='ocrx_word' id='word_1_157' title='bbox 1064 2565 1205 2651; x_wconf 46' lang='lat' dir='ltr'>Polybio,</span> 
     </span>
     <span class='ocr_line' id='line_1_24' title="bbox 250 2663 1201 2742; baseline 0.001 -13"><span class='ocrx_word' id='word_1_158' title='bbox 250 2678 380 2742; x_wconf 85' lang='lat' dir='ltr'>statuas,</span> <span class='ocrx_word' id='word_1_159' title='bbox 400 2666 459 2727; x_wconf 89' lang='lat' dir='ltr'>vix</span> <span class='ocrx_word' id='word_1_160' title='bbox 478 2663 576 2727; x_wconf 87' lang='lat' dir='ltr'>ullum</span> <span class='ocrx_word' id='word_1_161' title='bbox 602 2677 743 2728; x_wconf 87' lang='lat' dir='ltr'>veterum</span> <span class='ocrx_word' id='word_1_162' title='bbox 771 2663 992 2731; x_wconf 86' lang='lat' dir='ltr'>historicorum</span> <span class='ocrx_word' id='word_1_163' title='bbox 1011 2687 1201 2730; x_wconf 90' lang='lat' dir='ltr'>commemo·</span> 
     </span>
     <span class='ocr_line' id='line_1_25' title="bbox 249 2758 1201 2847; baseline 0 -22"><span class='ocrx_word' id='word_1_164' title='bbox 249 2775 349 2838; x_wconf 89' lang='lat' dir='ltr'>rante,</span> <span class='ocrx_word' id='word_1_165' title='bbox 369 2763 444 2847; x_wconf 90' lang='lat' dir='ltr'>quin</span> <span class='ocrx_word' id='word_1_166' title='bbox 457 2783 529 2824; x_wconf 93' lang='lat' dir='ltr'>eum</span> <span class='ocrx_word' id='word_1_167' title='bbox 541 2760 742 2825; x_wconf 85' lang='lat' dir='ltr'>vehementer</span> <span class='ocrx_word' id='word_1_168' title='bbox 752 2762 940 2826; x_wconf 86' lang='lat' dir='ltr'>insectetur:</span> <span class='ocrx_word' id='word_1_169' title='bbox 960 2783 1033 2825; x_wconf 90' lang='lat' dir='ltr'>nam</span> <span class='ocrx_word' id='word_1_170' title='bbox 1045 2762 1079 2824; x_wconf 90' lang='lat' dir='ltr'>in</span> <span class='ocrx_word' id='word_1_171' title='bbox 1091 2758 1201 2825; x_wconf 91' lang='lat' dir='ltr'>Theo·</span> 
     </span>
     <span class='ocr_line' id='line_1_26' title="bbox 248 2856 1201 2944; baseline -0.001 -22"><span class='ocrx_word' id='word_1_172' title='bbox 248 2881 397 2944; x_wconf 91' lang='lat' dir='ltr'>pompum</span> <span class='ocrx_word' id='word_1_173' title='bbox 419 2878 459 2919; x_wconf 93' lang='lat' dir='ltr'>ea</span> <span class='ocrx_word' id='word_1_174' title='bbox 479 2858 576 2920; x_wconf 87' lang='lat' dir='ltr'>utitur</span> <span class='ocrx_word' id='word_1_175' title='bbox 601 2861 803 2924; x_wconf 88' lang='lat' dir='ltr'>contentione</span> <span class='ocrx_word' id='word_1_176' title='bbox 825 2879 864 2923; x_wconf 89' lang='lat' dir='ltr'>ac</span> <span class='ocrx_word' id='word_1_177' title='bbox 889 2856 1057 2921; x_wconf 89' lang='lat' dir='ltr'>verborum</span> <span class='ocrx_word' id='word_1_178' title='bbox 1078 2857 1201 2923; x_wconf 85' lang='lat' dir='ltr'>acerbi-</span> 
     </span>
     <span class='ocr_line' id='line_1_27' title="bbox 250 2955 1200 3039; baseline 0.003 -22"><span class='ocrx_word' id='word_1_179' title='bbox 250 2967 332 3033; x_wconf 88' lang='lat' dir='ltr'>tate,</span> <span class='ocrx_word' id='word_1_180' title='bbox 360 2976 442 3039; x_wconf 89' lang='lat' dir='ltr'>quae</span> <span class='ocrx_word' id='word_1_181' title='bbox 467 2975 546 3032; x_wconf 78' lang='lat' dir='ltr'>nce,</span> <span class='ocrx_word' id='word_1_182' title='bbox 573 2975 614 3016; x_wconf 90' lang='lat' dir='ltr'>ne</span> <span class='ocrx_word' id='word_1_183' title='bbox 642 2965 760 3018; x_wconf 87' lang='lat' dir='ltr'>temera</span> <span class='ocrx_word' id='word_1_184' title='bbox 787 2955 967 3033; x_wconf 76' lang='lat' dir='ltr'>credamne,</span> <span class='ocrx_word' id='word_1_185' title='bbox 986 2955 1200 3021; x_wconf 87' lang='lat' dir='ltr'>commonefa-</span> 
     </span>
     <span class='ocr_line' id='line_1_28' title="bbox 251 3049 1200 3134; baseline 0.003 -20"><span class='ocrx_word' id='word_1_186' title='bbox 251 3055 323 3122; x_wconf 86' lang='lat' dir='ltr'>ciat.</span> <span class='ocrx_word' id='word_1_187' title='bbox 365 3051 473 3115; x_wconf 90' lang='lat' dir='ltr'>Locus</span> <span class='ocrx_word' id='word_1_188' title='bbox 502 3053 551 3113; x_wconf 76' lang='lat' dir='ltr'>e‘st</span> <span class='ocrx_word' id='word_1_189' title='bbox 576 3049 701 3134; x_wconf 82' lang='lat' dir='ltr'>Polyhii</span> <span class='ocrx_word' id='word_1_190' title='bbox 729 3051 763 3113; x_wconf 90' lang='lat' dir='ltr'>in</span> <span class='ocrx_word' id='word_1_191' title='bbox 790 3052 830 3115; x_wconf 94' lang='lat' dir='ltr'>L.</span> <span class='ocrx_word' id='word_1_192' title='bbox 852 3049 938 3116; x_wconf 87' lang='lat' dir='ltr'><strong>VIII.</strong></span> <span class='ocrx_word' id='word_1_193' title='bbox 966 3073 993 3116; x_wconf 91' lang='lat' dir='ltr'>c.</span> <span class='ocrx_word' id='word_1_194' title='bbox 1016 3051 1052 3113; x_wconf 93' lang='grc'>11</span> <span class='ocrx_word' id='word_1_195' title='bbox 1077 3087 1123 3106; x_wconf 83' lang='lat'>.-.</span> <span class='ocrx_word' id='word_1_196' title='bbox 1148 3053 1200 3117; x_wconf 83' lang='lat'>13.</span> 
     </span>
     <span class='ocr_line' id='line_1_29' title="bbox 252 3138 1201 3235; baseline 0 -22"><span class='ocrx_word' id='word_1_197' title='bbox 252 3138 346 3213; x_wconf 80' lang='lat' dir='ltr'>Toni.</span> <span class='ocrx_word' id='word_1_198' title='bbox 370 3146 426 3211; x_wconf 92' lang='lat' dir='ltr'>III.</span> <span class='ocrx_word' id='word_1_199' title='bbox 452 3169 483 3232; x_wconf 92' lang='lat' dir='ltr'>p.</span> <span class='ocrx_word' id='word_1_200' title='bbox 505 3146 557 3216; x_wconf 80' lang='lat'>27.</span> <span class='ocrx_word' id='word_1_201' title='bbox 578 3170 665 3235; x_wconf 91' lang='lat' dir='ltr'>seqq.</span> <span class='ocrx_word' id='word_1_202' title='bbox 694 3148 744 3211; x_wconf 87' lang='lat' dir='ltr'>ed.</span> <span class='ocrx_word' id='word_1_203' title='bbox 765 3147 944 3232; x_wconf 83' lang='lat' dir='ltr'>Schweigh.</span> <span class='ocrx_word' id='word_1_204' title='bbox 964 3218 967 3222; x_wconf 57' lang='grc'><em>,</em></span> <span class='ocrx_word' id='word_1_205' title='bbox 991 3145 1109 3216; x_wconf 76' lang='lat' dir='ltr'>Narrat</span> <span class='ocrx_word' id='word_1_206' title='bbox 1131 3152 1201 3235; x_wconf 91' lang='lat' dir='ltr'>qui·</span> 
     </span>
     <span class='ocr_line' id='line_1_30' title="bbox 250 3243 1202 3339; baseline 0.003 -30"><span class='ocrx_word' id='word_1_207' title='bbox 250 3245 311 3310; x_wconf 87' lang='lat' dir='ltr'>hus</span> <span class='ocrx_word' id='word_1_208' title='bbox 330 3244 433 3309; x_wconf 87' lang='lat' dir='ltr'>modis</span> <span class='ocrx_word' id='word_1_209' title='bbox 447 3243 626 3331; x_wconf 84' lang='lat' dir='ltr'>Philippum</span> <span class='ocrx_word' id='word_1_210' title='bbox 643 3243 868 3339; x_wconf 84' lang='lat' dir='ltr'>Theopompus</span> <span class='ocrx_word' id='word_1_211' title='bbox 878 3247 913 3310; x_wconf 91' lang='lat' dir='ltr'>in</span> <span class='ocrx_word' id='word_1_212' title='bbox 931 3245 1093 3328; x_wconf 85' lang='lat' dir='ltr'>prooemio</span> <span class='ocrx_word' id='word_1_213' title='bbox 1107 3270 1202 3333; x_wconf 86' lang='lat' dir='ltr'>prae·</span> 
     </span>
     <span class='ocr_line' id='line_1_31' title="bbox 251 3340 1203 3427; baseline 0.005 -22"><span class='ocrx_word' id='word_1_214' title='bbox 251 3342 421 3406; x_wconf 87' lang='lat' dir='ltr'>dicaverit:</span> <span class='ocrx_word' id='word_1_215' title='bbox 441 3353 629 3405; x_wconf 90' lang='lat' dir='ltr'>commotum</span> <span class='ocrx_word' id='word_1_216' title='bbox 649 3365 684 3406; x_wconf 87' lang='lat' dir='ltr'>se</span> <span class='ocrx_word' id='word_1_217' title='bbox 704 3341 918 3427; x_wconf 85' lang='lat' dir='ltr'>magnitudine</span> <span class='ocrx_word' id='word_1_218' title='bbox 937 3340 1074 3406; x_wconf 88' lang='lat' dir='ltr'>hominis</span> <span class='ocrx_word' id='word_1_219' title='bbox 1095 3344 1203 3410; x_wconf 88' lang='lat' dir='ltr'>dicere</span> 
     </span>
    </p>
   </div>
   <div class='ocr_carea' id='block_1_3' title="bbox 253 3435 1202 3621">
    <p class='ocr_par' dir='ltr' id='par_1_3' title="bbox 253 3435 1202 3621">
     <span class='ocr_line' id='line_1_32' title="bbox 253 3435 1202 3526; baseline 0.003 -24"><span class='ocrx_word' id='word_1_220' title='bbox 253 3439 294 3502; x_wconf 94' lang='lat' dir='ltr'>ad</span> <span class='ocrx_word' id='word_1_221' title='bbox 313 3461 365 3502; x_wconf 86' lang='lat' dir='ltr'>res</span> <span class='ocrx_word' id='word_1_222' title='bbox 384 3439 453 3501; x_wconf 88' lang='lat' dir='ltr'>eius</span> <span class='ocrx_word' id='word_1_223' title='bbox 473 3435 673 3514; x_wconf 82' lang='lat' dir='ltr'>scthendas3</span> <span class='ocrx_word' id='word_1_224' title='bbox 702 3451 806 3502; x_wconf 90' lang='lat' dir='ltr'>tamen</span> <span class='ocrx_word' id='word_1_225' title='bbox 827 3438 911 3501; x_wconf 90' lang='lat' dir='ltr'>hunc</span> <span class='ocrx_word' id='word_1_226' title='bbox 931 3451 962 3500; x_wconf 89' lang='lat' dir='ltr'>et</span> <span class='ocrx_word' id='word_1_227' title='bbox 983 3441 1018 3503; x_wconf 90' lang='lat' dir='ltr'>in</span> <span class='ocrx_word' id='word_1_228' title='bbox 1038 3443 1108 3524; x_wconf 88' lang='lat' dir='ltr'>ipso</span> <span class='ocrx_word' id='word_1_229' title='bbox 1126 3464 1202 3526; x_wconf 88' lang='lat' dir='ltr'>prc-</span> 
     </span>
     <span class='ocr_line' id='line_1_33' title="bbox 255 3533 1201 3621; baseline 0.002 -21"><span class='ocrx_word' id='word_1_230' title='bbox 255 3538 357 3600; x_wconf 89' lang='lat' dir='ltr'>oemio</span> <span class='ocrx_word' id='word_1_231' title='bbox 370 3547 402 3597; x_wconf 91' lang='lat' dir='ltr'>et</span> <span class='ocrx_word' id='word_1_232' title='bbox 413 3547 478 3597; x_wconf 89' lang='lat' dir='ltr'>tota</span> <span class='ocrx_word' id='word_1_233' title='bbox 492 3536 526 3598; x_wconf 93' lang='lat' dir='ltr'>in</span> <span class='ocrx_word' id='word_1_234' title='bbox 535 3533 670 3612; x_wconf 10' lang='lat' dir='ltr'>*historia</span> <span class='ocrx_word' id='word_1_235' title='bbox 681 3537 880 3621; x_wconf 70' lang='lat' dir='ltr'>mariamque</span> <span class='ocrx_word' id='word_1_236' title='bbox 893 3537 982 3600; x_wconf 89' lang='lat' dir='ltr'>initio</span> <span class='ocrx_word' id='word_1_237' title='bbox 992 3535 1064 3601; x_wconf 89' lang='lat' dir='ltr'>Iihri</span> <span class='ocrx_word' id='word_1_238' title='bbox 1074 3533 1201 3602; x_wconf 83' lang='lat' dir='ltr'><strong>XLIX.</strong></span> 
     </span>
    </p>
   </div>
   <div class='ocr_carea' id='block_1_4' title="bbox 324 3751 1203 3824">
    <p class='ocr_par' dir='ltr' id='par_1_4' title="bbox 324 3751 1203 3824">
     <span class='ocr_line' id='line_1_34' title="bbox 324 3751 1203 3824; baseline 0.005 -16"><span class='ocrx_word' id='word_1_239' title='bbox 324 3755 348 3817; x_wconf 91' lang='lat'>¹)</span> <span class='ocrx_word' id='word_1_240' title='bbox 376 3753 431 3808; x_wconf 79' lang='lat' dir='ltr'>cfr.</span> <span class='ocrx_word' id='word_1_241' title='bbox 456 3751 578 3810; x_wconf 77' lang='lat' dir='ltr'>meeth.</span> <span class='ocrx_word' id='word_1_242' title='bbox 609 3755 711 3811; x_wconf 88' lang='lat' dir='ltr'>Occcn.</span> <span class='ocrx_word' id='word_1_243' title='bbox 732 3757 787 3810; x_wconf 84' lang='lat' dir='ltr'>ntt.</span> <span class='ocrx_word' id='word_1_244' title='bbox 810 3754 832 3808; x_wconf 87' lang='grc' dir='ltr'>Ι.</span> <span class='ocrx_word' id='word_1_245' title='bbox 863 3770 890 3824; x_wconf 88' lang='lat' dir='ltr'>p.</span> <span class='ocrx_word' id='word_1_246' title='bbox 916 3754 980 3813; x_wconf 80' lang='grc'><strong>316.</strong></span> <span class='ocrx_word' id='word_1_247' title='bbox 1008 3764 1037 3810; x_wconf 91' lang='lat' dir='ltr'>et</span> <span class='ocrx_word' id='word_1_248' title='bbox 1059 3755 1140 3813; x_wconf 86' lang='lat' dir='ltr'>Koch</span> <span class='ocrx_word' id='word_1_249' title='bbox 1171 3758 1203 3812; x_wconf 87' lang='lat' dir='ltr'>in</span> 
     </span>
    </p>
   </div>
   <div class='ocr_carea' id='block_1_5' title="bbox 159 3835 474 3904">
    <p class='ocr_par' dir='ltr' id='par_1_5' title="bbox 159 3835 474 3904">
     <span class='ocr_line' id='line_1_35' title="bbox 159 3835 474 3904; baseline -0.003 -14"><span class='ocrx_word' id='word_1_250' title='bbox 159 3870 164 3880; x_wconf 41' lang='lat' dir='ltr'><em>s</em></span> <span class='ocrx_word' id='word_1_251' title='bbox 256 3835 400 3903; x_wconf 77' lang='lat' dir='ltr'>I‘rclcgg.·</span> <span class='ocrx_word' id='word_1_252' title='bbox 468 3893 474 3904; x_wconf 54' lang='lat'>‚</span> 
     </span>
    </p>
   </div>
   <div class='ocr_carea' id='block_1_6' title="bbox 0 0 1280 4658">
    <p class='ocr_par' dir='ltr' id='par_1_6' title="bbox 0 0 1280 4658">
     <span class='ocr_line' id='line_1_36' title="bbox 0 0 1280 4658; baseline 0 0"><span class='ocrx_word' id='word_1_253' title='bbox 0 0 1280 4658; x_wconf 95' lang='lat' dir='ltr'> </span> 
     </span>
    </p>
   </div>
  </div>
 </body>
</html>
