2534 4658
618 362 826 427 ...53-

251 528 389 606 stimate,
408 525 561 595 habemus
587 525 724 592 nobilem
744 526 832 593 illum
852 525 954 612 μῦθον
972 528 1030 590 τοῦ
1048 522 1194 610 Πολέμου

251 622 303 684 καὶ
321 627 373 704 τῆς
384 621 515 708 Ὕβρεως
531 627 566 687 ln
585 621 666 689 libro
689 619 779 704 XX.,
807 619 843 688 dv
864 620 882 686 ὁ
906 618 1059 696 Φίλιππος
1086 621 1194 706 διεξέρ-

249 741 328 801 χεται
343 717 420 804 πρὸς
438 718 509 794 τοὺς
529 715 757 802 αὐτοκράτορας
774 723 836 783 τῶν
844 715 1027 782 Χαλκιδέων.
1068 717 1215 786 Theon(

249 817 419 902 Progymn.
447 838 478 901 p.
501 816 551 879 11.
598 815 816 903 Sophistarum
838 820 872 882 in
900 838 940 881 eo
967 838 1091 904 quoque
1117 837 1193 882 con-

249 913 448 977 suetudinem
471 913 610 978 imitatus
637 925 701 994 est,
727 913 811 1001 quod
840 911 962 978 fabulas
982 933 1078 1000 saepe
1096 916 1193 979 inter-

248 1012 370 1095 posuit:
391 1032 454 1095 quo
474 1032 592 1095 genere
607 1011 654 1076 illi
673 1031 768 1098 quum
788 1009 829 1075 ud
849 1013 946 1075 animi
964 1014 1193 1090 remissionem,

249 1119 315 1168 tum
340 1108 374 1169 in
406 1107 630 1194 exemplorum
658 1109 954 1171 commemoratione
985 1106 1192 1184 libentissime

248 1201 425 1265 utebantur.
466 1200 663 1291 Quemquam
690 1201 916 1289 Theopompus
944 1205 978 1268 in
998 1203 1192 1269 Graecarum

248 1301 403 1384 originum
424 1302 583 1365 mentione
604 1323 646 1364 ne
664 1304 766 1387 potuit
779 1302 903 1388 quidem
921 1299 979 1364 has
998 1303 1145 1386 ineptias,
1164 1303 1193 1365 si

248 1397 299 1458 cui
316 1398 467 1461 severiori
487 1399 532 1461 ita
558 1397 662 1461 dicere
681 1395 788 1476 libeat,
815 1400 943 1462 omnino
970 1395 1139 1476 declinare,
1160 1410 1193 1462 et

248 1492 363 1557 Graeci
383 1494 415 1556 in
436 1495 476 1557 iis
493 1492 598 1572 rebus,
618 1517 698 1581 quae
714 1507 868 1560 vetustate
887 1518 925 1560 ac
944 1495 1098 1558 maiorum
1116 1493 1191 1557 reli·

245 1591 342 1674 gione
362 1603 564 1654 consecratae
576 1603 676 1669 erant,
693 1589 871 1655 maluerunt
889 1589 1009 1654 creduli
1028 1611 1122 1675 quam
1144 1601 1191 1652 te·

245 1708 332 1750 mere
352 1687 652 1771 suspicacesvideri.
685 1684 911 1751 Verumtamen
923 1689 1079 1750 assentior
1089 1684 1190 1750 Creu·

245 1804 320 1848 zero
341 1784 438 1870 prael.
462 1783 503 1848 ad
520 1782 637 1869 Ephor.
654 1807 685 1870 p.
695 1781 767 1847 Vll.
787 1805 884 1870 seqq„
906 1783 990 1870 quod
1008 1779 1190 1868 Theopom-

175 1883 180 1892 '
243 1901 318 1966 pum
339 1879 436 1945 multa
453 1883 522 1946 eius
539 1883 666 1966 generis
690 1881 729 1945 ad
750 1883 904 1966 originem
924 1901 1013 1943 suam
1033 1891 1126 1965 atque
1147 1879 1189 1944 ad

245 1980 409 2055 ueritatem
428 1999 578 2042 revocare
601 1977 759 2041 studuisse
781 1988 899 2055 censet,
923 1977 1018 2063 idque
1045 1977 1115 2060 ipse
1140 1977 1189 2039 ri·

244 2076 335 2138 detur
353 2071 579 2159 Theopompus
598 2073 779 2161 significare
798 2073 948 2150 voluisse,
975 2094 1070 2159 quum
1085 2092 1122 2135 se
1140 2071 1188 2135 fa·

243 2169 334 2235 bulas
345 2192 468 2256 quoque
482 2170 594 2235 melius
610 2194 701 2258 quam
715 2170 922 2248 Herodotum,
941 2168 1091 2245 Credam,
1107 2166 1189 2232 Hel·

187 2313 191 2325 .
241 2268 377 2332 lanicum
398 2281 430 2332 et
440 2266 618 2333 Indicorum
634 2271 801 2354 scriptores
813 2278 1008 2330 narraturum
1028 2287 1100 2328 esse
1113 2285 1188 2350 pro·

241 2365 345 2430 lessus
366 2377 424 2429 est.
449 2364 567 2432 Strab.
586 2363 612 2443 I,
632 2367 662 2428 2.
682 2389 714 2452 p.
736 2360 787 2428 43.
806 2362 879 2428 Cas.
896 2385 927 2448 p.
947 2362 998 2425 68.
1020 2359 1165 2425 Tauchn.

324 2461 356 2527 A
381 2462 495 2528 fabulis
521 2464 561 2528 ad
580 2461 685 2542 fidem
703 2459 902 2547 Theopompi
918 2462 1092 2536 veniamus,
1122 2479 1188 2544 qua

241 2562 418 2625 continetur
453 2563 555 2624 omnis
593 2559 743 2624 historiae
776 2562 826 2623 vis
859 2571 951 2645 atque
982 2556 1186 2642 praestantia.

241 2654 313 2732 Quo
332 2656 403 2721 loeo
422 2655 528 2741 paullo
547 2655 638 2742 plura
659 2657 812 2734 dicentur,
831 2654 1082 2741 quandoquidem
1099 2653 1186 2715 iniu-

240 2756 288 2816 ria
311 2753 462 2838 quosdam
491 2752 585 2817 huius
610 2756 768 2838 scriptoris
801 2753 979 2816 auctoritati
1006 2751 1186 2814 detraxisse

239 2848 397 2913 affirmare
417 2871 593 2934 possumus.
632 2848 669 2914 ln
689 2849 754 2913 fide
766 2852 863 2935 igitur
879 2847 1022 2913 historici
1041 2845 1185 2909 iudican-

239 2947 279 3008 da
300 2943 361 3008 hac
388 2946 456 3008 fere
480 2948 595 3010 utimur
620 2950 763 3026 ratione,
791 2959 827 3009 ut
842 2965 1046 3033 quaeramus,
1077 2954 1184 3007 utrum

237 3041 290 3106 llle
310 3064 384 3106 vera
405 3042 529 3111 trudere
549 3043 600 3108 vel
608 3047 745 3129 potuerit
764 3043 815 3108 vel
830 3043 974 3107 voluerit.
1013 3036 1183 3105 AeTheo-

235 3161 368 3226 pompus
387 3140 523 3227 quidem,
546 3143 600 3227 qui
627 3153 659 3204 et
677 3141 816 3227 aequalis
841 3141 901 3205 luit
924 3158 1034 3204 eorum
1059 3148 1183 3221 tempo·

170 3311 176 3324 .
235 3259 315 3316 rum,
343 3257 474 3323 quorum
498 3235 660 3302 historiam
687 3242 822 3324 scripsit,
846 3250 878 3302 et
899 3237 1067 3302 multorum
1094 3254 1182 3298 snm-

235 3355 357 3397 morum
374 3332 536 3398 hominum
562 3334 773 3400 familiaritate
799 3355 875 3400 usus
903 3346 961 3410 est,
987 3344 1019 3396 et
1044 3351 1182 3416 magnos

235 3430 275 3494 ad
298 3430 523 3515 explorandam
542 3453 645 3495 rerruu
658 3436 822 3497 veritatem
841 3443 981 3515 sumptus
999 3429 1112 3494 fecisse
1129 3428 1182 3492 di-

116 3561 133 3575 ·
235 3530 324 3604 citur,
345 3514 437 3591 nemo
457 3527 550 3592 facile
579 3526 709 3606 dubitet,
737 3531 812 3616 quin
834 3540 866 3591 et
886 3525 1033 3590 facultate
1060 3527 1180 3590 iustru-

192 3683 199 3696 ,
234 3637 301 3690 clus
322 3624 425 3701 hrerit,
445 3645 505 3688 nec
526 3624 686 3691 voluntale
695 3627 857 3691 defecerit.
896 3623 1005 3709 ltaque
1027 3621 1180 3688 chathe-

234 3744 314 3786 nneo
335 3720 389 3785 lll.
408 3746 439 3808 p.
463 3721 514 3785 85.
535 3721 575 3786 Α.
602 3720 680 3805 ἀνὴρ
703 3717 872 3801 «trichitim
898 3721 1019 3784 dieitur.
1063 3718 1178 3808 Neque

232 3843 306 3884 roro
326 3823 359 3883 in
383 3837 459 3885 suae
479 3832 598 3886 tantum
618 3824 730 3886 aetatis
750 3819 844 3885 rebus
870 3817 1010 3897 cavebat,
1040 3840 1079 3882 ne
1100 3820 1178 3904 quid
