2534 4658
462 389 670 456 ...63-

96 561 205 627 invido
226 558 434 624 obtrectatore
456 558 569 621 coniici
587 567 701 641 potest,
723 575 795 619 eum
820 553 899 620 lucri
926 578 1038 621 cerussa
1102 562 1105 569 '

94 667 147 710 res
165 647 271 729 regias
292 645 444 727 attigisse.
486 640 607 725 Magna
624 639 744 703 scilieet
758 638 930 727 aPhilippo
946 665 1038 728 prae·

97 732 163 794 mia
182 741 369 813 exspectare
390 725 497 791 debuit
522 728 561 801 ia,
588 726 641 811 qui
666 723 751 787 illius
778 726 931 809 pessimas
954 740 1039 791 artes

92 832 160 877 non
184 811 286 875 solum
307 810 483 896 aequalium
503 809 594 884 odiis,
617 828 726 871 verum
755 809 849 871 etiam
873 813 1039 893 posterita-

95 900 137 961 tis
156 897 326 959 memoriae
354 895 493 957 detectas
519 892 699 955 tradiderat.
744 889 815 956 Nisi
841 893 922 956 forta
945 894 1039 977 Poly-

95 980 167 1045 bius
187 978 290 1043 solum
308 995 328 1040 a
346 977 427 1041 Phili
451 998 491 1061 po
537 977 710 1039 rooemium
732 977 836 1060 operis
857 975 1042 1064 Theopom-

96 1062 282 1151 pellectum
302 1082 377 1124 esse
396 1000 620 1124 arbitrabatur:
640 1081 826 1145 quamquam
846 1062 900 1124 vel
917 1065 950 1126 in
967 1062 1040 1138 hoc,

97 1148 152 1212 illo
173 1151 242 1233 ipso
266 1159 356 1222 teste,
380 1167 419 1208 ea
435 1143 631 1227 legebantur,
660 1143 772 1229 quibus
796 1147 940 1226 gavisum
968 1168 1040 1209 esse

100 1231 278 1316 Philippum
299 1231 355 1292 vix
375 1229 555 1292 credideris.
594 1227 666 1311 Ego
687 1249 762 1290 vero
783 1226 974 1315 Philippicas
992 1229 1041 1293 hi·

97 1318 212 1379 storias
237 1335 278 1377 ne
306 1312 406 1376 editas
439 1313 563 1399 quidem
597 1315 671 1375 vivo
703 1310 847 1396 Philippo
881 1316 1039 1379 exi-tirno.

97 1400 223 1462 Etenim
244 1419 340 1482 aegre
353 1395 432 1460 mihi
449 1395 635 1481 persuadeo,
656 1416 727 1458 eum
746 1399 887 1480 potuisse
898 1397 1042 1462 Alexan·

99 1485 155 1547 dro
175 1495 239 1545 tam
255 1493 416 1567 acceptum
438 1502 520 1557 esse,
542 1482 594 1566 qui
611 1481 650 1543 de
668 1477 762 1543 huius
779 1493 870 1566 patre
890 1480 953 1544 tam
974 1484 1043 1546 foe·

98 1568 139 1630 da
164 1567 334 1630 memoriae
358 1565 556 1651 prodidisset.
606 1563 714 1648 ltaque
749 1581 845 1649 quum
880 1570 1042 1652 utriusque

98 1653 267 1713 amicitiam
288 1648 374 1712 nulla
393 1647 549 1712 simultate
566 1649 771 1731 interruptam
792 1669 862 1711 esse
882 1662 1044 1735 appareat,

98 1736 132 1797 in
154 1756 224 1797 eam
246 1735 426 1819 opinionem
450 1733 598 1808 adducor,
624 1742 660 1794 ut
680 1745 803 1808 mortuo
824 1733 948 1796 demum
966 1733 1042 1798 Ale·

101 1817 223 1881 xandro
245 1816 405 1901 hocopus
430 1817 608 1900 evulgatum
630 1836 700 1879 esse
721 1837 876 1879 censeam.

183 1898 274 1974 Quae
296 1919 389 1984 quum
412 1902 457 1964 ita
486 1905 558 1977 sint,
586 1902 633 1964 sic
652 1897 745 1963 nobis
773 1902 913 1963 videmur
933 1898 1043 1967 Theo-

98 2007 246 2071 pompam
267 1983 423 2066 aPolybii
442 1982 623 2047 criminibus
641 2005 806 2070 purgasse,
826 1997 861 2047 ut
881 2007 952 2049 eum
972 2009 1042 2050 cum

98 2072 286 2155 praestantis
297 2070 417 2152 ingenii
428 2071 666 2154 exquisitaeque
679 2070 842 2132 doctrinae
850 2067 943 2133 laude
954 2092 1044 2134 acer·

99 2156 212 2216 rimum
233 2154 374 2215 veritatis
398 2154 583 2238 virtutisque
614 2154 716 2216 omnis
747 2153 883 2216 studium
911 2156 1043 2223 coniun-

99 2240 188 2299 xisse
207 2235 429 2319 intelligamus
476 2234 575 2300 Cuius
594 2237 655 2300 viri
681 2239 797 2323 scripta
814 2238 843 2299 si
863 2236 951 2302 salva
972 2260 1043 2303 esse

99 2322 285 2405 potuissent,
303 2319 408 2382 multis
419 2321 610 2405 antiquitatis
620 2319 770 2405 partibus,
786 2323 819 2383 in
833 2319 945 2405 quibus
959 2343 1043 2388 nune
1125 2376 1133 2393 .

99 2406 156 2466 vix
179 2404 344 2488 quidquam
365 2406 442 2465 certi
462 2404 651 2489 dispicimus,
667 2402 770 2467 lucem
790 2404 983 2491 salutemque
997 2408 1044 2472 af·

100 2486 227 2550 ferrent.
271 2484 336 2549 Sed
356 2484 581 2573 Theopompus
605 2501 652 2551 tot
673 2499 836 2572 tantasque
854 2511 947 2575 quum
965 2490 1045 2555 alio-

100 2593 180 2646 rum,
204 2583 268 2633 tum
285 2591 361 2634 roro
381 2573 530 2655 temporis
543 2573 674 2635 iniurias
684 2593 850 2656 perpessus
871 2585 931 2651 est,
949 2587 985 2637 ut
1002 2575 1044 2640 ab

101 2653 152 2716 hia
175 2655 228 2738 qui
255 2676 327 2717 eum
350 2655 510 2718 vindicare
537 2668 678 2731 conetur,
701 2654 861 2719 difficilem
887 2659 1043 2741 quandam

123 2757 293 2819 ratemque
312 2760 455 2803 caussam
469 2741 628 2823 suscipiat.
669 2736 738 2803 Nos
749 2739 904 2803 voluimus
918 2743 1044 2827 quidem

100 2759 148 2882 lli
161 2820 312 2904 prodesse
335 2835 368 2885 et
389 2823 438 2886 his
462 2822 651 2900 vulneribus
672 2845 751 2908 quae
773 2826 836 2909 ipsi
857 2824 907 2888 vel
924 2827 1055 2909 invidia·

101 2902 152 2968 vel
173 2902 333 2968 harbaries
352 2906 481 2984 inflixit,
508 2906 644 2993 aliquam
669 2908 856 2972 medicinam
876 2908 1044 2978 adhiberet

101 2987 177 3074 quid
196 2988 226 3052 ei
246 2990 503 3075 praestiterimus,
520 2992 603 3056 docti
620 2993 774 3077 peritique
791 2991 985 3059 iudicabunt.

203 3202 464 3269 ADDENDA
494 3203 559 3270 ar
593 3184 942 3276 conmanunt.

170 3388 235 3441 Etsi
246 3404 334 3470 pauca
344 3406 414 3442 nunc
432 3391 541 3459 quidem
553 3389 671 3456 reperio,
689 3391 788 3461 quibus
806 3399 900 3445 nostra
910 3394 944 3448 dc
955 3395 1045 3453 Theo·

103 3471 203 3575 poqrpo
229 3458 379 3538 disputatio
404 3461 501 3529 augeri
524 3457 623 3528 possit,
647 3466 740 3513 tamon
765 3476 816 3514 nee
839 3462 889 3513 illa
904 3472 1045 3531 praetera.

102 3540 139 3576 un
159 3539 176 3575 a
193 3541 294 3577 cenom.

172 3592 252 3654 Quod
269 3595 439 3648 coniecerant
462 3612 490 3664 p.
510 3592 555 3648 38.
573 3600 630 3648 not
649 3594 675 3646 1.
698 3592 887 3666 παραβολὰς,
912 3600 1045 3655 suadente

100 3659 159 3726 jam
176 3662 242 3713 olim
260 3661 445 3716 Valckenario
463 3665 499 3715 ad
517 3665 651 3717 Herodot.
663 3663 709 3728 tv,
723 3665 784 3719 lor.
800 3666 905 3733 recepit
921 3669 1044 3756 Kruege·

104 3743 151 3779 rus
171 3729 199 3780 in
216 3728 346 3797 Dionysii
362 3733 543 3800 llistoriogrr.
561 3748 588 3800 p.
602 3730 648 3785 57.
666 3759 702 3770 ·-
720 3732 888 3787 Pae-4⁷·
925 3736 968 3788 De
982 3737 1045 3790 'Iri-

103 3811 204 3849 carano
229 3798 332 3849 similia
354 3800 508 3868 disputasse
533 3801 563 3852 G.
582 3801 615 3852 0.
633 3801 797 3854 Muellerum
814 3802 843 3854 in
860 3801 989 3874 Prolegg.
1009 3798 1046 3860 ad

103 3863 224 3931 Mythol.
243 3881 270 3934 p.
292 3864 339 3919 98.
359 3872 388 3920 at
405 3869 430 3920 J.
449 3871 483 3922 H,
506 3867 635 3923 Voccium
653 3869 682 3922 iu
701 3868 941 3923 Seebodiirlrcliv
959 3873 993 3924 ll.
1014 3871 1042 3925 1.

105 3928 169 3985 129.
193 3947 228 3988 ex
253 3935 344 3988 amico
366 3939 493 4006 cognovi.
529 3939 658 3992 cetorum
676 3936 841 3993 Dicaearchi
861 3937 1044 4011 rpraoitmiv
