2534 4658
617 401 827 466 -50-

250 567 295 632 ad
315 565 437 632 Marxii
452 567 613 654 Ephorum
632 592 663 655 p.
681 566 772 633 XIII.
813 567 872 649 „In
895 570 1051 656 catalogo
1069 576 1204 660 patriar·

253 664 353 729 chelis
387 662 622 744 Bibliothecae,
659 687 740 752 quae
775 667 903 732 saeculo
937 668 1040 733 adhuc
1079 671 1204 737 decimo

254 775 348 827 sexto
369 752 645 848 Constantinopoli
665 762 765 826 fuisse
787 763 895 839 fertur,
924 767 973 844 (in
992 764 1105 846 Alteri,
1124 767 1204 834 Pro·

254 859 384 923 sessoris
406 880 506 943 nuper
529 856 804 936 Vindobonensis,
831 874 983 946 excerpto
1006 863 1091 946 apud
1117 863 1204 928 Hur-

253 955 311 1020 les.
332 953 440 1040 Suppl.
459 954 500 1018 ad
518 953 637 1020 Introd.
663 957 697 1019 in
716 953 790 1020 hist.
810 956 851 1020 L.
871 956 948 1040 Gr.)
976 960 1073 1042 igitur
1101 981 1143 1024 eo
1167 963 1204 1025 iu

255 1051 411 1136 Catalogo
433 1064 466 1114 et
483 1051 546 1116 alia
564 1051 728 1136 leguntur,
758 1074 839 1139 quae
858 1055 1056 1120 nrirationem
1074 1053 1205 1133 iaciant,

256 1162 289 1213 et
314 1170 391 1213 vero
419 1148 498 1211 illud
520 1164 662 1236 quoque:
691 1145 842 1234 ἱστορικὸν
865 1145 1005 1235 Ἐφόρου
1035 1156 1092 1215 τοῦ
1114 1157 1204 1233 φιλο-

256 1243 365 1323 σόφου.
424 1243 486 1309 Cui
518 1249 667 1309 continuo
709 1243 889 1310 subiicitur:
932 1244 1088 1329 ἱστορικὸν
1125 1249 1205 1312 Θεο-

255 1340 411 1424 πόμπου.”
449 1339 575 1407 Vellem
596 1363 673 1406 sanc
690 1342 844 1406 eiusmodi
872 1339 1018 1423 κειμήλιον
1035 1346 1206 1431 effugisset
1229 1376 1230 1379 ¹

254 1460 366 1503 manus
386 1436 610 1515 barbarorum,
637 1460 768 1524 quorum
791 1442 943 1503 saevitiae
972 1442 1056 1506 iusto
1085 1442 1206 1506 diutius

256 1535 392 1601 Graecia
413 1535 555 1600 obnoxiu
572 1548 631 1598 cst.
681 1534 803 1600 Verum
827 1539 959 1602 istorum
986 1538 1128 1603 furiosae
1149 1559 1204 1604 ca·

256 1645 363 1698 torvae
389 1654 450 1696 nec
478 1633 578 1709 vivis,
605 1643 642 1695 ut
666 1631 729 1696 hoc
753 1633 825 1718 ipso
845 1646 1014 1718 tempore,¹
1033 1658 1092 1700 nee
1118 1655 1205 1701 mor-⁸

256 1733 319 1794 tuis
342 1740 560 1823 pepercerunt.
608 1725 703 1792 Certe
734 1751 796 1814 ego
830 1727 1000 1814 planchis
1035 1736 1205 1811 assentior,

256 1849 336 1913 quae
355 1825 533 1890 Creuzerus
553 1823 594 1889 ad
619 1824 804 1891 elevandam
829 1825 923 1890 huius
941 1826 1088 1914 catalogi
1104 1827 1205 1894 fidem

255 1924 402 2007 disputat.
442 1921 551 2008 Itaque
572 1920 646 1986 dum
665 1918 829 2005 ὁλόκληρος
849 1920 942 1986 nobis
968 1924 1049 1988 forte
1076 1926 1206 1990 fortuna

256 2019 297 2083 ab
322 2020 433 2083 inferis
466 2019 624 2082 exstiterit
653 2016 897 2106 Theopompus,
927 2025 1205 2109 operaepretium

258 2116 379 2180 eritvel
391 2116 448 2180 has
466 2117 602 2200 exiguas
618 2118 687 2179 eius
700 2137 830 2200 operum
846 2114 995 2201 reliquias
1009 2116 1189 2204 collegisse.

263 2254 266 2260 ι
339 2212 388 2278 Αο
408 2214 557 2299 quoniam
577 2209 735 2275 nobismet
759 2214 839 2296 ipsis
863 2211 943 2275 haec
970 2212 1136 2278 clarissimi
1153 2216 1204 2278 in·

255 2314 344 2397 genii
362 2320 565 2374 monumenta
590 2307 716 2371 fortuma
738 2309 869 2386 invidit,
898 2309 1052 2397 reliquum
1077 2324 1144 2390 est,
1167 2323 1207 2375 ut

257 2407 397 2472 collectis
426 2418 569 2470 veterum
592 2405 799 2481 testimoniis,
836 2407 910 2492 quid
935 2406 975 2470 de
1001 2405 1204 2494 Theopompi

256 2504 308 2569 uel
329 2501 497 2568 virtutibus
517 2500 569 2566 vel
588 2502 674 2563 vitiis
696 2501 895 2566 statuendum
913 2504 970 2581 sit,
995 2505 1205 2590 inquiramus,

256 2615 289 2666 et
311 2601 467 2689 quandam
496 2598 581 2662 illius
602 2599 724 2681 ingenii
754 2597 904 2675 formam,
936 2602 966 2663 si
993 2599 1065 2664 fieri
1090 2603 1205 2687 possit,

256 2713 289 2763 et
315 2701 486 2785 imaginem
515 2692 745 2758 adumbremus.
801 2693 850 2758 Ac
876 2697 1009 2780 primunr
1034 2698 1205 2763 dicendum

256 2810 320 2873 est,
347 2798 380 2859 iu
408 2816 470 2881 qua
495 2791 550 2855 ille
577 2802 680 2853 aetate
710 2811 747 2853 ac
771 2793 997 2857 consuetudine
1026 2807 1203 2880 temporum

255 2906 399 2956 versatus
418 2889 582 2954 historiam
601 2884 739 2950 scribere
762 2909 931 2972 eggressus
950 2892 1005 2954 sit:
1034 2892 1118 2977 quod
1139 2913 1203 2977 ego

254 2987 432 3052 faciendum
452 2986 578 3072 putavi,
605 3004 671 3048 non
696 3005 759 3069 quo
777 2998 831 3049 ant
853 2984 964 3052 harum
983 2989 1203 3071 angustiarmn

256 3072 488 3157 existimarem,
522 3091 577 3145 aut
603 3083 667 3144 mei
699 3080 822 3145 consilii
849 3096 951 3160 esset,
984 3083 1068 3147 hunc
1094 3082 1202 3148 Iocum

255 3181 384 3247 uberius
404 3181 570 3269 persequi,
596 3178 653 3241 sed
680 3198 721 3240 nc
752 3181 822 3264 quis
846 3184 974 3244 omnino
1000 3184 1202 3267 praetermis·

254 3303 324 3344 sum
341 3289 531 3365 quereretur.
573 3273 717 3338 Historia
741 3275 838 3359 igitur
858 3278 942 3362 apud
969 3277 1110 3342 Graecos
1128 3292 1161 3342 et
1181 3303 1203 3344 a

224 3410 228 3418 -ν
253 3376 358 3440 multis
379 3393 558 3459 magnoque
584 3373 714 3456 ingenio
739 3373 816 3436 viris
841 3372 969 3437 exculta
997 3387 1061 3452 est,
1091 3387 1124 3438 et
1145 3397 1202 3442 ea-

254 3475 326 3538 dem
352 3485 457 3535 tamen
488 3481 530 3532 et¹
547 3480 622 3531 nata
648 3469 750 3533 serius
775 3482 808 3532 et
833 3469 970 3555 perfecta
997 3484 1056 3536 est.
1098 3472 1202 3539 Cuius

251 3575 299 3636 rei
328 3590 423 3655 quum
451 3566 558 3628 variae
585 3585 716 3628 caussae
744 3565 852 3628 afferri
884 3568 1025 3651 possint,
1058 3573 1202 3635 maxime

251 3683 356 3734 tamen
379 3665 457 3728 duas
481 3660 617 3724 voluisse
640 3661 840 3726 crediderim:
862 3685 1001 3748 quarum
1029 3666 1129 3731 altera
1150 3681 1203 3733 est

249 3770 284 3830 in
303 3760 479 3848 argumenti
499 3756 640 3835 ratione,
666 3757 764 3822 alters
792 3759 828 3821 iu
854 3758 978 3824 dicendi
999 3784 1117 3847 genere
1140 3786 1201 3850 po-

249 3865 320 3927 sita.
358 3857 441 3926 Nam
458 3876 561 3942 neque
578 3875 684 3920 rerum
703 3875 776 3920 eum
793 3853 967 3935 delectum,
984 3857 1018 3924 in
1038 3881 1101 3945 quo
1122 3882 1201 3948 pos·
