2534 4658
171 1215 317 1374 Quem
341 1302 393 1358 ex
416 1281 497 1360 'l'uo
519 1303 638 1383 nuper
657 1282 830 1375 discessu,
849 1282 1021 1374 Meineki,
1048 1282 1113 1359 Vir
1226 1304 1230 1311 ·

169 1405 425 1489 celeberrime,
449 1429 653 1482 maerorem
677 1408 913 1504 suscepimus,
937 1415 1113 1504 quotquot

166 1527 305 1603 Tecum
326 1530 575 1603 communium
602 1528 804 1603 officiorum
831 1530 1003 1602 societate
1026 1548 1111 1600 eon·

166 1651 279 1722 iuncti
300 1650 500 1739 feceramus,
522 1652 555 1724 is
579 1672 650 1748 quo
673 1673 735 1723 me
752 1651 899 1744 gravius
923 1670 1034 1747 quam
1052 1670 1110 1722 ce·

165 1781 263 1844 toros
286 1772 458 1869 perculit,
489 1769 587 1867 quod
609 1756 727 1844 inulte
753 1769 833 1843 Tua
856 1781 966 1871 atque
988 1771 1110 1844 maxi·

164 1914 228 1965 ma
249 1891 290 1963 in
312 1914 373 1963 me
392 1889 480 1962 inde
513 1890 561 1964 ab
593 1892 683 1989 ipsis
712 1892 889 1989 pueritiae
910 1892 1017 1967 anuis
1040 1912 1108 1965 ex-

163 1997 305 2086 starent
326 2012 515 2102 beneficia,
529 2035 734 2110 magnaque
757 2024 794 2088 ct
815 2013 944 2088 fuisset
963 2037 1108 2114 semper

163 2144 201 2207 et
222 2146 320 2209 esset
343 2136 417 2209 mei
445 2133 546 2233 apud
568 2133 623 2209 'l'e
655 2136 800 2226 caritas,
829 2134 1030 2227 admonuit,
1064 2147 1107 2211 ut

163 2255 301 2353 aliquid
324 2226 518 2330 scriberem
543 2253 592 2330 ad
605 2253 672 2346 Te,
694 2277 766 2352 quo
789 2256 937 2330 etmihi
952 2259 993 2330 in
1006 2281 1106 2334 suun·

161 2399 225 2450 mo
248 2399 332 2450 meo
355 2375 482 2449 dolore
505 2377 677 2461 solatium
690 2399 872 2474 pararem,
892 2387 931 2451 et
953 2391 1104 2455 mutuae

160 2508 308 2572 nostrae
328 2500 510 2572 amicitiae
530 2498 843 2597 suavissimaeque
874 2500 1104 2576 cousuetudi-

158 2620 216 2692 nis
247 2629 528 2694 monumentum
561 2617 746 2716 quoddam
781 2618 995 2717 conderem,
1030 2647 1102 2722 quo

157 2740 216 2814 Tu
244 2752 282 2817 ct
312 2742 386 2814 mei
414 2763 678 2840 nonnunquam
708 2751 746 2814 et
775 2763 921 2834 eorum,
958 2746 1021 2842 qui
1049 2746 1102 2820 'l'e

158 2863 308 2962 plurimi
329 2862 429 2961 apud
448 2886 516 2940 nos
540 2867 669 2938 colunt
698 2885 741 2936 ac
764 2861 930 2960 diligunt,
962 2890 1101 2941 memo·

157 2986 253 3058 riam
287 3007 492 3064 revocares.
553 2985 609 3060 Ac
653 2985 955 3084 circumspicienti
972 2970 981 2987 ⁹
998 2989 1100 3080 mihi,

158 3104 245 3204 quid
275 3108 505 3208 potissimum
532 3129 699 3181 meorum
722 3105 805 3180 Tibi
833 3108 1018 3200 offerrem,
1044 3112 1100 3183 ni·

156 3229 208 3303 hil
237 3250 327 3302 sane
353 3229 526 3322 occurrit,
553 3225 651 3325 quod
681 3226 762 3300 'l'ua
791 3231 1005 3303 auctoritate
1034 3229 1099 3304 do·
1176 3322 1184 3330 .

157 3327 343 3447 ctriuaque
377 3348 529 3445 dignum
564 3346 769 3422 videretur:
813 3346 880 3424 sed
913 3370 1025 3446 quum
1058 3353 1098 3426 iu

156 3496 201 3547 eo
220 3494 351 3568 genere
374 3468 685 3557 munusculorum,
715 3465 763 3539 de
785 3489 857 3566 quo
881 3491 949 3563 ego
965 3474 1099 3568 cogita-

155 3616 248 3682 rem,
271 3615 347 3666 non
367 3591 524 3690 pretium
550 3590 615 3678 rei,
637 3587 705 3662 sed
725 3589 953 3663 voluntatem
975 3597 1097 3667 maxi·

155 3737 216 3788 me
239 3712 362 3788 ulands
389 3711 545 3810 spectari
572 3708 750 3800 viderem,
777 3731 829 3786 ex
855 3710 925 3788 hac
946 3737 1007 3788 mc
1030 3713 1097 3790 du·
