2534 4658
457 390 666 459 ...49-

37 599 39 604 -
84 558 169 646 quod
183 557 392 625 Cosaubonus
407 562 554 640 coniecit,
574 559 605 625 ἕν
618 566 685 633 ταῖς
703 558 875 640 Ἀρχαϊναΐς
892 557 1032 626 Ἐπιστο-

83 654 160 724 λαῖς.
207 657 290 726 Nam
316 659 473 723 diversam
501 680 566 724 nou
593 644 675 722 essa
690 656 773 721 hanc
798 657 964 743 epistolam
988 661 1029 726 ab
1127 658 1137 668 ’

82 775 132 832 ea,
154 776 234 841 quae
255 754 301 818 ud
320 754 545 821 Alexandrum
564 753 763 831 inscribitur,
780 775 833 816 res
852 755 927 819 inde
948 758 1029 823 rela-

82 864 133 916 tae
164 852 309 916 suadent.
368 852 421 916 Ad
450 854 583 916 candem
616 852 760 937 respexit
794 849 910 916 Suidas
942 876 969 918 s.
995 879 1027 920 v.
1087 897 1092 908 ·

75 947 210 1033 Ἔφορος
229 952 269 1014 de
294 948 502 1036 Theopompo
522 945 682 1012 scribens:
705 943 861 1008 ἐπέστελλέ
876 970 909 1011 τε
928 949 1030 1018 πολλὰ

79 1043 159 1106 κατὰ
178 1047 266 1108 Χίων
291 1043 485 1125 Ἀλεξάνδρῳ.
504 1078 546 1093 -
583 1044 754 1110 Praeterea
782 1042 896 1110 multas
919 1046 1028 1116 Thoo-

79 1162 213 1228 pompus
232 1140 482 1209 ORATIONES
503 1143 637 1226 scripsit,
657 1142 817 1203 suasorias
838 1153 870 1204 et
886 1151 1028 1232 panegy.

78 1242 176 1303 ricus:
212 1261 285 1304 nam
310 1242 364 1307 αῗα
388 1248 500 1304 orator
516 1240 602 1317 fuit,
630 1229 712 1301 teste
733 1231 929 1312 Quintiliano
949 1239 1027 1307 Inst.

76 1335 168 1401 Orat.
189 1335 234 1415 X,
259 1338 288 1415 t,
304 1333 355 1407 74.
390 1335 439 1400 Ac
460 1346 607 1422 quantam
636 1337 671 1397 iu
692 1356 732 1398 co
757 1355 876 1418 genero
898 1357 1026 1423 operam

78 1429 305 1519 Theopompus
330 1431 548 1510 collocaverit,
579 1432 679 1515 ipsius
706 1429 813 1494 verbis
845 1452 940 1516 supra
966 1458 1026 1499 ex-

76 1533 249 1615 posuimus.
296 1530 370 1594 Huc
395 1530 532 1615 pertinet
551 1526 623 1604 illa,
650 1548 743 1612 quam
768 1536 1025 1595 commemoravi-

77 1648 164 1705 mus,
190 1626 332 1692 funebris
351 1625 490 1690 laudatio
511 1622 661 1688 Mausoli.
703 1620 755 1687 De
773 1627 925 1688 encomiis
947 1648 1024 1713 qno-

76 1746 137 1810 que
165 1724 303 1812 Philippi
336 1737 369 1787 et
393 1720 571 1787 Alexandri
604 1739 700 1804 supra
727 1718 881 1785 diximus:
916 1719 1024 1789 Theo-

76 1824 126 1884 nis
150 1821 229 1885 locis
257 1820 418 1885 addendus
445 1832 494 1883 cst
519 1817 635 1881 Suidas
662 1837 688 1879 s.
716 1836 745 1878 v.
782 1814 938 1900 Ἔφορος·
968 1820 1023 1883 καὶ

73 1917 174 1999 μέντοι
204 1915 256 1980 καὶ
280 1913 376 1980 αὐτὸν
398 1910 589 1997 Ἀλεξανδρον
606 1910 794 1994 ἔγκωμιάσας
811 1910 920 1976 πολλά.
957 1917 1024 1978 Λέ-

74 2036 155 2089 γεται
178 2011 212 2076 δὲ
238 2011 289 2076 καὶ
311 2009 441 2096 ψόγον
471 2007 598 2072 αὐτοῦ
616 2008 802 2092 γεγραφέναι,
826 2006 859 2081 ὃς
880 2007 917 2073 οὐ
935 2013 1024 2099 φέρε-

73 2133 134 2175 ται.
151 2146 195 2160 -·
230 2111 365 2177 Claudat
385 2128 499 2194 agmen
518 2105 617 2172 Liber
635 2107 769 2168 ΚΑΤΑ
792 2107 887 2168 ΤΗΣ
904 2112 1023 2173 ΠΛΑ-

77 2210 233 2271 ΤΩΝΟΣ
250 2205 512 2282 ΔΙΑΤΡΙΒΗΣ,
540 2224 635 2290 quem
655 2225 710 2267 cur
729 2205 893 2288 scripsisse
912 2207 1020 2272 videa·

72 2320 140 2383 tur,
173 2309 208 2369 in
239 2306 394 2389 superiori
422 2303 633 2388 disputatione
665 2299 883 2364 indicavimus.
937 2299 1023 2383 Nam,

72 2402 128 2466 ille
149 2403 250 2467 solum
277 2423 321 2464 ex
347 2399 492 2464 omnihus
520 2396 689 2460 Socraticis
711 2395 932 2463 Antisthenen
950 2398 1021 2464 lau·
1081 2400 1084 2413 '

73 2500 176 2575 davit,
195 2498 292 2584 Diog.
307 2497 416 2560 Laert.
425 2494 469 2571 V,
484 2487 533 2555 14.
555 2506 587 2556 et
595 2491 759 2557 Platonem
781 2492 905 2579 quidem
925 2500 1019 2562 etiam

72 2619 93 2658 a
111 2596 256 2682 Philippo
284 2593 509 2680 reprehensum
537 2610 608 2653 essa
631 2589 747 2652 retulit.
790 2590 888 2675 Diog.
910 2593 1018 2659 Laert.

71 2691 127 2769 ΠΙ,
148 2691 199 2755 40.
223 2694 261 2756 of.
283 2692 406 2774 Caryst.
423 2688 568 2772 Pergam.
590 2685 705 2749 Athen.
726 2684 785 2750 XI.
806 2712 837 2774 p.
860 2688 930 2752 506.
942 2691 981 2755 E.

154 2786 263 2853 Verbo
292 2791 433 2872 tetigisse
463 2782 602 2849 sufficiat
628 2787 798 2862 incertam,
832 2808 941 2852 verum
969 2803 1017 2855 ta·

71 2907 143 2950 uren
169 2890 330 2973 antiquam
359 2886 490 2960 famam,
524 2904 585 2969 qua
617 2879 842 2966 Theopompus
872 2896 1016 2953 octavum

71 2982 298 3067 Thucydideae
326 2982 475 3045 historiae
500 2979 614 3044 librum
641 2977 815 3042 absolvisse
842 2978 1016 3048 ferebatur:

71 3085 123 3145 cui
148 3085 195 3145 sic
220 3079 412 3145 contradixit
431 3074 637 3158 Marcellinus
656 3073 723 3139 Vit.
745 3072 890 3158 Thucyd.
913 3083 941 3157 ς.
963 3075 1014 3144 43.

21 3215 40 3245 s
70 3190 106 3240 ut
126 3192 198 3262 post
213 3177 312 3242 illum
333 3177 386 3263 qui
409 3174 448 3236 de
468 3185 596 3236 auctore
618 3175 686 3236 eins
704 3171 777 3238 libri
795 3171 933 3253 dubitat,
959 3196 1015 3239 ne·

70 3296 123 3338 mo
143 3275 236 3339 facile
256 3278 316 3336 τῶν
336 3268 531 3354 χαριεστέρων
549 3271 734 3354 reperiatur.

152 3371 284 3436 Librum
297 3368 364 3454 περὶ
376 3367 518 3451 εὐσεβείας
531 3365 667 3430 aSchol.
677 3362 838 3448 Aristoph.
848 3366 909 3430 Av.
923 3368 1014 3435 1360.

67 3466 127 3531 suh
141 3467 343 3554 Theopompi
359 3468 487 3529 nornine
503 3465 680 3538 laudatum,
709 3458 922 3546 Theophrasti
942 3488 1013 3530 essa

67 3566 146 3628 vidit
163 3564 388 3639 Ruhnkenius,
419 3560 489 3625 coll.
510 3558 608 3643 Diog.
626 3560 735 3621 Laert.
756 3555 800 3633 V,
821 3559 871 3623 50.
905 3559 1013 3626 Mour-

66 3664 148 3724 sium
170 3664 264 3724 etiam
284 3660 393 3725 Solon.
424 3682 491 3744 cup.
514 3652 565 3719 24.
586 3657 626 3738 (c.
648 3651 741 3716 2045.
762 3652 799 3717 Β.
828 3657 910 3743 apud
931 3657 1012 3722 Gro-
1057 3733 1060 3737 .

67 3758 208 3841 noviom)
240 3757 328 3820 nulla
348 3760 528 3844 aruspiciono
549 3766 665 3819 tactum
685 3751 805 3814 videas.
948 3768 953 3780 ’

150 3854 223 3922 Ηοα
238 3854 374 3941 deniquo
388 3853 460 3919 loco
472 3872 628 3940 apponam
641 3847 739 3914 verba
751 3846 901 3936 Creatori
914 3848 1011 3934 prael.
