2534 4658
169 1209 316 1369 Quem
339 1296 392 1352 ex
414 1275 495 1354 Tuo
518 1297 636 1377 nuper
655 1275 828 1368 discessu,
847 1275 1019 1367 Meinelri,
1046 1275 1111 1352 Vir
1224 1296 1228 1304 ’

167 1400 423 1484 Celeberrime,
447 1423 652 1475 maerorem
675 1402 911 1498 suscepimus,
935 1407 1111 1497 quotquot

165 1522 303 1598 Tecum
325 1524 573 1598 communium
600 1522 802 1597 officiorum
829 1524 1001 1596 societate
1024 1541 1109 1593 con-

164 1646 278 1716 iuneti
299 1645 498 1734 sereremus,
520 1646 553 1718 is
577 1667 649 1741 qpo
672 1667 733 1717 me
751 1645 898 1738 gravius
920 1664 1031 1740 quam
1050 1663 1108 1715 ce·

164 1776 262 1841 teres
285 1766 456 1863 perculit,
487 1763 585 1861 quod
608 1750 726 1838 indta
751 1763 831 1837 Tua
854 1775 964 1865 atque
986 1765 1108 1838 maxi·

163 1887 289 1960 main
310 1908 373 1960 mc
391 1883 479 1957 inde
511 1884 559 1959 ab
592 1886 682 1984 ipsis
710 1886 887 1984 pueritiae
909 1886 1015 1961 annm
1039 1906 1106 1959 ex·

162 1992 303 2084 starent
325 2006 514 2100 beneficia,
527 2029 733 2105 magnaque
756 2017 793 2081 ct
814 2007 943 2082 fuisset
962 2030 1106 2107 semper

162 2139 200 2202 et
222 2141 319 2204 esset
341 2131 416 2203 mei
444 2128 545 2228 apud
568 2128 622 2202 Tc
654 2131 798 2219 caritas,
824 2127 1029 2221 admonuit,
1062 2139 1105 2204 ut

161 2251 300 2348 aliquid
323 2221 518 2327 scriberem
542 2247 591 2325 ad
603 2248 671 2340 To,
692 2272 765 2346 quo
788 2250 936 2324 etmihi
951 2252 991 2324 in
1005 2275 1104 2328 sum·

160 2394 224 2445 mo
247 2394 331 2445 meo
354 2371 481 2445 dolore
504 2371 675 2445 solatium
689 2394 870 2469 pararem,
892 2383 929 2446 et
953 2384 1102 2448 mutuae

159 2503 307 2567 nostrae
327 2494 509 2567 amicitiae
529 2492 842 2591 suavissimaeque
873 2493 1101 2569 consuetudi-

157 2615 215 2687 nis
246 2623 527 2688 monumentum
560 2611 745 2710 quoddam
780 2611 993 2710 conderem,
1029 2641 1100 2715 quo

157 2734 215 2810 'l'u
243 2746 281 2811 et
311 2736 385 2808 mei
412 2758 677 2834 nonnunquam
707 2745 745 2808 et
774 2757 920 2826 eorum,
957 2739 1020 2835 qui
1047 2737 1100 2813 Te

157 2857 308 2957 plurimi
328 2856 428 2955 apud
447 2881 516 2936 nos
540 2860 669 2933 colunt
696 2879 740 2930 ac
763 2855 929 2953 diligunt,
961 2881 1099 2933 memo-

156 2981 252 3054 riam
286 3002 491 3058 revocares.
553 2980 608 3056 Ac
652 2979 954 3078 circumspicienti
971 2962 980 2979 ⁸
997 2982 1099 3073 mihi,

157 3100 244 3199 quid
274 3102 504 3203 potissimum
531 3123 698 3176 meorum
722 3099 803 3174 Tibi
832 3101 1017 3192 offerrem,
1043 3105 1099 3176 ni·

156 3223 207 3297 hil
236 3247 327 3297 sane
353 3223 526 3315 occurrit,
552 3219 650 3319 quod
680 3219 761 3294 Tua
790 3225 1005 3296 auctoritate
1034 3221 1098 3296 do-
1176 3315 1183 3322 ι

156 3322 343 3443 ctrinaque
377 3344 529 3439 dignnm
564 3339 768 3416 videretur:
812 3339 879 3417 sed
912 3364 1025 3439 quum
1057 3346 1097 3420 in

156 3491 201 3541 eo
220 3489 351 3562 genere
374 3462 683 3549 munusculorum,
714 3459 856 3558 dequo
880 3485 948 3556 ogo
964 3467 1098 3560 eogita-

154 3612 247 3676 rem,
271 3610 347 3659 non
367 3585 525 3684 pretium
549 3583 615 3671 rei,
637 3581 703 3656 sed
725 3583 953 3657 voluntatem
975 3590 1097 3660 maxi·

155 3733 216 3784 me
240 3706 363 3782 dantis
390 3705 544 3803 spectari
572 3702 749 3792 viderem,
776 3724 828 3778 ex
854 3703 924 3780 hac
946 3729 1007 3781 me
1028 3706 1096 3782 du·
1212 3786 1213 3789 p
