2534 4658
543 395 751 465 ...ld-

70 588 74 597 ’
172 573 224 636 cit.
244 570 274 655 ¹)
316 562 384 634 Sed
403 563 533 655 accepta
553 590 669 655 magna
688 571 722 634 vi
739 571 908 655 pecuniae,
933 589 1029 655 quum
1046 565 1121 636 Ma·

171 667 331 744 cedonas,
364 667 427 730 nisi
453 664 558 729 navali
588 664 781 752 bello,uqno
808 665 869 750 ipsi
893 665 989 731 rudes
1016 680 1121 744 orant,

169 763 288 828 Persae
308 758 477 848 plurimum
499 760 686 847 pollebant,-
702 761 844 846 snpernri
866 780 930 824 non
955 765 1120 847 possein·

168 860 343 947 telligeuet',
370 857 502 922 classem
520 862 730 922 trecentarum
751 859 879 920 navium
896 859 1035 943 paravit,
1053 879 1120 944 qua

136 1030 137 1033 Ἴ
167 972 251 1020 anno
281 967 439 1040 sequente
455 951 607 1040 (Olymps
621 951 710 1033 cxl,
727 950 783 1038 Ξ.)
827 951 936 1019 Chium
960 955 1118 1040 proditam

162 1053 288 1138 'recepit
312 1063 346 1115 et
366 1049 468 1116 Lesbi
496 1049 675 1115 civitatibus
709 1051 900 1136 expugnatis
926 1046 1117 1134 Mytilenen,

166 1170 246 1236 quae
269 1146 342 1214 'zoln
357 1149 484 1225 restitit,
506 1145 903 1212 obsidione-circumdedit.
945 1145 1031 1212 Hinc
1048 1150 1117 1216 inm

163 1247 227 1331 ipsi
246 1244 408 1312 Graeciae
421 1241 621 1320 imminebat,
644 1265 706 1330 qua
732 1243 773 1307 ad
796 1241 1005 1309 rebellionem
1024 1247 1117 1310 exci-

163 1355 230 1407 tata
239 1340 461 1407 Alexandrum
477 1343 620 1405 revocari
640 1359 735 1425 posse
755 1338 925 1426 sperabat;¹
938 1341 1024 1406 acsi
1042 1341 1115 1406 diu·

163 1442 226 1506 tius
245 1440 402 1515 vixisset,
428 1451 514 1501 certe
534 1439 573 1500 ‘in
598 1458 748 1522 magnum
775 1439 1019 1502 discrimenres
1038 1435 1115 1505 Ma·

163 1536 321 1600 cedonnm
346 1534 541 1600 adduxisset.
595 1531 661 1597 Sed
686 1536 720 1598 in
750 1531 915 1598 obsidione
938 1530 1114 1616 Mytilenen

161 1631 293 1698 morbus
313 1631 403 1698 illum
420 1630 595 1717 oppressit.
613 1632 645 1710 ²)
677 1629 769 1695 ¹Post
792 1629 875 1703 hunc
904 1632 957 1717 qui
986 1635 1113 1696 exerci-

161 1733 209 1814 tu'i
233 1722 404 1796 Persarum
426 1727 647 1813 praefuerunt,
670 1725 925 1812 Autophradates
950 1726 1112 1792 etPhar·

161 1825 322 1904 abbans,
362 1823 540 1908 Mytilenen
579 1823 620 1887 ad
659 1821 850 1888 deditionem
884 1822 1112 1909 compulerunt,

159 1926 332 2010 missoque
349 1942 421 1986 curn
445 1920 554 1984 decem
580 1916 714 1982 navibus
740 1920 782 1984 ad
807 1917 962 2003 Cycladas
986 1919 1111 1986 insulas

159 2017 313 2096 Datame,
346 2015 508 2081 Tenedios
535 2019 570 2080 in
594 2015 690 2079 fidem
716 2030 913 2101 receperunt.
929 2016 959 2100 ³)
1007 2014 1110 2083 Data·

159 2136 227 2180 mes
246 2121 328 2178 vero
347 2112 390 2176 ad
409 2111 562 2198 Siphnum
580 2134 600 2176 a
617 2113 743 2190 Protea,
767 2113 820 2199 qui
838 2111 998 2199 Antipatri
1017 2115 1110 2179 iussu

158 2229 257 2275 naves
278 2229 324 2274 en
343 2207 475 2274 Euboea
498 2221 530 2272 et
551 2207 771 2293 Peloponneso
789 2208 959 2287 conduxit,
976 2232 1108 2296 oppres·

158 2328 213 2372 sus
242 2319 318 2372 octo
346 2304 479 2371 navibus
508 2307 646 2369 arnissis
663 2326 743 2369 cnm·
762 2303 890 2391 reliquis
915 2304 1048 2370 duabus
1063 2309 1107 2373 ad

156 2395 313 2470 maiorem
340 2401 472 2468 classem
499 2402 630 2487 aufugit.
684 2398 794 2486 Itaque
820 2400 1053 2468 Pharnabazus·
1069 2417 1107 2470 et

113 2569 115 2575 ,
157 2499 432 2590 Autophrodates,
458 2497 567 2562 relicto
600 2495 672 2561 ctis·
694 2498 851 2584 praesidio
875 2521 913 2564 nc
933 2512 1022 2585 parte
1045 2520 1105 2574 na·

158 2599 242 2661 vium
261 2597 301 2663 in
315 2595 385 2661 Con
412 2607 444 2658 et
461 2594 719 2660 Halicarnassum
745 2597 858 2671 missa,
884 2616 954 2660 cnm
976 2609 1104 2664 centum

91 2736 92 2741 κ
155 2694 435 2779 praestantissimis
468 2695 503 2758 in
541 2690 695 2777 Siphnum
731 2691 867 2756 insulam
902 2695 1101 2759 traiecerunt.

154 2787 216 2854 Ubi
235 2801 334 2875 qaum
352 2788 444 2874 Agis,
463 2808 525 2852 rex
543 2772 881 2867 Lacedaemoniorum,
908 2810 969 2854 eos
984 2811 1103 2856 conve-

154 2887 273 2964 nisset,
287 2880 405 2951 nnncio
434 2883 532 2950 cladis
554 2883 594 2949 ad
613 2883 715 2949 lasum
730 2898 886 2972 acceptae
911 2884 1101 2970 deprehensi

153 2994 238 3047 sunt.
295 2979 401 3058 Quare
431 2980 654 3046 Pharnabazus
686 2980 810 3068 quidem
838 3005 908 3048 cum
932 2982 1099 3050 duodecim

153 3076 335 3144 triremibus
355 3090 387 3142 et
407 3071 669 3142 mercenariorum
690 3069 822 3144 militum
848 3079 933 3144 mille
956 3092 989 3142 et
1006 3082 1099 3166 quin·

152 3178 260 3260 gentis
284 3173 391 3240 Odium
408 3174 517 3253 rediit,
531 3176 679 3253 ueritus,
703 3194 744 3238 ne
771 3175 846 3263 quid
870 3174 957 3254 ctus,
982 3178 1097 3242 erectis

152 3293 192 3336 co
215 3275 332 3338 nuncio
355 3273 487 3350 animis,
512 3293 663 3336 novarum
681 3291 787 3336 rerum
801 3267 994 3363 molirentur.
1026 3274 1097 3364 Au·

151 3367 355 3455 tophradates
381 3389 474 3448 vero,
506 3380 681 3457 postquam-
698 3366 795 3455 Agidi
824 3369 953 3454 triginta
976 3367 1096 3436 talenta

218 3679 246 3744 ¹)
262 3680 345 3734 Diod.
363 3680 449 3745 xvn,
467 3679 595 3738 23-28.
630 3683 736 3739 Arriam
753 3683 774 3750 l,
792 3685 868 3739 20-
875 3681 921 3740 2³.

216 3770 244 3836 2)
261 3772 346 3827 Diod.
363 3772 511 3836 xv11‚29.

214 3861 242 3929 3)
261 3865 367 3921 Arrisn.
385 3863 419 3931 ll,
439 3879 464 3918 c.
483 3865 507 3918 1.
526 3871 555 3920 et
571 3865 599 3918 2.
