2534 4658
520 377 729 443 ..25-

123 564 125 569 ’
158 565 228 610 cum
241 544 347 610 Persis
366 546 517 611 socictate
536 566 670 632 aeguum
690 542 834 610 obtinuit.
847 545 877 630 Ι)
916 545 1098 637 Huucpue·

157 663 245 720 ruru,
275 664 340 707 uua
368 664 439 707 cum
466 643 563 707 fratre
590 639 738 707 Mausolo
766 644 904 728 graviter
931 661 1099 730 aegrotan-

158 751 238 817 tem,
265 737 434 826 Dexippus
459 737 545 803 Cous
570 738 711 804 medicus
731 741 858 802 sanitati
883 743 1034 821 restituit,
1048 767 1099 810 ea

158 837 358 912 conditione,
395 848 432 900 ut
463 835 678 901 Hecatomuus
707 848 797 922 pater
832 856 852 900 a
879 834 962 901 bello
990 855 1100 907 contra

158 932 246 996 Coos
267 931 441 998 desisteret.
459 933 490 1016 1)
527 931 688 997 Pixodaro
707 931 847 1020 (Olymp.
868 929 956 1013 CXI,
977 936 1021 1016 l.)
1045 939 1100 1003 do.

157 1024 284 1108 iuncto,
314 1028 528 1094 Orontobates
553 1040 696 1115 satrapa,
730 1050 822 1114 quem
858 1027 920 1094 sibi
947 1053 1100 1118 generum

157 1125 351 1205 adsciverat,
379 1129 474 1192 etiam
492 1124 717 1191 Halicarnasso
738 1128 857 1212 potitus
876 1139 935 1192 est.
971 1128 1101 1198 Interim

157 1221 230 1286 Ada
245 1221 362 1287 Alinda
381 1225 528 1301 retinuit,
547 1243 704 1310 quumque
721 1220 922 1302 Alexander,
948 1229 1040 1292 victis
1059 1228 1100 1293 nd

158 1317 328 1384 Granicum
349 1318 473 1396 Persis,
503 1317 562 1384 has
585 1320 735 1405 regiones
762 1319 936 1404 attigisset,
962 1335 1028 1388 tum
1053 1326 1101 1390 illi

157 1429 191 1480 et
210 1415 329 1481 Alinda
348 1416 475 1481 tradidit
501 1429 535 1480 et
558 1429 668 1482 comm
690 1412 826 1480 rebelles
853 1437 985 1503 operam
1008 1421 1100 1508 polli-

156 1515 219 1578 cita
239 1525 302 1592 est,
322 1527 356 1578 et
369 1533 446 1578 vero
467 1510 508 1577 ab
528 1535 605 1599 rego
623 1511 818 1599 impetravit,
844 1525 880 1577 ut
900 1533 936 1578 se
957 1514 1101 1603 adoptari

157 1609 197 1674 ab
222 1613 294 1698 ipse
312 1621 481 1696 pateretur.
498 1609 528 1694 ³)

240 1707 305 1773 Sed
323 1710 489 1772 redeamus
509 1705 548 1770 ad
562 1702 760 1781 Mausolum,
782 1708 871 1772 cuius
885 1721 1001 1795 quauta
1017 1712 1099 1797 apud

157 1823 292 1869 uxorem
313 1806 428 1871 caritas
446 1803 556 1879 fuerit,
576 1802 684 1886 accipe
705 1822 726 1864 a
743 1800 862 1867 Gellio:
878 1806 912 1882 ⁴)
944 1804 982 1870 Is
999 1805 1100 1874 Maa-

157 1903 242 1966 mlm
267 1900 325 1966 ude·
338 1903 421 1980 fato
447 1901 646 1984 perfunctus
670 1907 774 1963 estet
795 1905 882 1965 r'utcr
904 1903 1100 1971 lamentaret

156 2019 266 2063 manus
286 2003 401 2064 sacrm
411 1999 541 2076 fucere
560 1995 730 2079 magnifico
751 2000 895 2082 sepultus
916 2008 975 2079 est,
999 2001 1099 2066 Arte-

156 2100 259 2172 misia,
282 2096 494 2180 Iuctd‘atqrce
518 2091 678 2157 desideria
701 2100 814 2158 mariti
826 2095 984 2181 flagrant
1001 2120 1098 2179 recor,

157 2213 230 2258 osta
251 2197 450 2276 cineremque
470 2194 538 2255 eius
558 2189 831 2255 meteororum
851 2201 1045 2280 contusaque
1064 2203 1099 2261 ris

153 2289 300 2372 pulveris
314 2290 443 2367 facicm
469 2305 575 2371 aquae
608 2287 731 2351 s'udt'dc‘t
755 2285 914 2374 ediditque
938 2293 1098 2378 multaque

158 2385 385 2448 atravatense
409 2386 525 2447 amoris
555 2382 677 2446 indicia
696 2386 825 2463 fecisse
846 2385 975 2451 dicitstr.
1013 2388 1098 2456 'l'um

157 2482 253 2546 etiam
271 2478 378 2544 nobile
397 2477 475 2542 illud
490 2477 684 2564 sepulcrum,
702 2501 746 2544 ex
766 2502 828 2567 quo
844 2482 954 2549 similis
975 2493 1098 2575 magni·

156 2575 304 2642 licentiae
324 2597 454 2662 opera
442 2572 600 2639 Mausolei
621 2576 704 2663 apud
722 2574 883 2642 Romanos
905 2600 1019 2648 nomen
1039 2586 1097 2650 du·

158 2687 284 2751 xerunt,
298 2676 330 2752 ⁵)
354 2675 438 2736 iuter
458 2682 579 2757 septem
601 2671 686 2738 orbis
705 2672 883 2770 spectacula
902 2694 1097 2748 automatum

158 2773 328 2836 exstruxit.
344 2769 374 2853 6)
415 2764 510 2844 Quod
534 2790 629 2856 quum
649 2760 823 2850 dedicaret,
843 2779 1013 2860 propositis
1031 2800 1097 2844 am·

224 3078 252 3144 ¹)
268 3079 350 3133 Diod.
366 3077 440 3142 xm,
457 3076 502 3131 74.

93 3224 95 3233 .
224 3178 345 3245 ²)Suid.
360 3196 386 3232 ι.
404 3177 537 3242 Δέξιππος
578 3177 702 3232 Eundem
719 3189 916 3237 commemorat
935 3183 1005 3239 Plnt.
1020 3186 1096 3243 lller.

157 3264 204 3400 lro.
208 3263 370 3414 llbbmladb
373 3261 504 3316 scribitur
519 3255 690 3332 Πηξόδωρος
721 3261 777 3316 cfr.
786 3263 949 3336 wesseling.
968 3268 1003 3322 ad
1013 3267 1095 3324 Diod

225 3442 252 3508 ³)
275 3444 359 3498 Diod
382 3439 803 3511 xv11,24.smn.xrv.p
822 3442 887 3497 201.
925 3417 1030 3503 druna.
1059 3451 1094 3504 de

158 3525 262 3596 Expcd.
280 3502 392 3588 illem,
410 3520 458 3588 23,
478 3518 587 3576 8-12.
625 3521 700 3575 Adde
718 3521 855 3578 Plutarch.
871 3524 946 3581 Alcx.
963 3530 1010 3586 22.

225 3626 253 3689 4)
268 3626 349 3682 Noot.
364 3627 418 3681 lltt.
434 3624 471 3689 X,
490 3621 533 3676 ts.

224 3727 252 3792 ⁵)
268 3727 347 3781 Paua.
363 3726 435 3791 vul,
452 3724 496 3790 lt,
515 3723 541 3778 3.
738 3776 739 3782 ,
987 3747 989 3754 ·

227 3827 258 3894 0)
275 3829 347 3882 Gall.
364 3829 384 3882 1.
401 3828 428 3882 c:
443 3833 473 3883 et
490 3827 576 3897 intpp.
595 3823 666 3878 cdde
683 3823 773 3879 Strab.
791 3825 862 3882 xlv.
881 3843 907 3899 p.
924 3829 989 3886 m
1004 3830 1068 3887 201.
