2534 4658
517 373 560 388 ..
599 336 641 403 40
683 374 725 389 ..

152 503 361 571 confidentius
385 504 425 572 do
446 505 507 585 his,
523 528 604 596 quae
627 528 671 573 ex
687 505 787 573 Libro
796 489 871 573 ΧΠ.
893 507 1000 573 retulit
1011 508 1098 574 Pho-

152 606 225 682 tius,
246 616 383 668 statuere
408 604 565 669 debuisse.
611 604 664 670 Ad
688 604 830 670 eandem
852 603 935 670 Ochi
964 607 1099 693 expedi·

153 704 270 765 tionem
288 702 447 766 retulerim
460 703 671 788 fragmentum
688 704 770 789 apud
782 704 965 788 Longinum
985 703 1024 766 de
1036 701 1100 766 Sn-

152 796 237 862 hlim.
270 811 347 862 sect.
370 796 490 863 XLlll.
520 823 551 885 p.
580 800 651 863 150.
677 822 763 888 seqq.
800 798 910 864 Oxou.
949 800 997 885 (p.
1026 795 1118 875 144„

152 891 292 978 Weisk.)
318 894 373 958 ubi
397 897 495 960 miror
521 893 682 984 Toupium
707 896 751 984 (p.
770 895 856 979 369.)
885 896 925 960 de
951 896 1099 981 Epitome

152 989 336 1057 Herodotea
358 1005 390 1054 et
407 990 574 1075 Cambysis
602 995 636 1058 in
659 992 839 1079 Aegyptum
865 991 1020 1057 descensu
1045 1014 1101 1056 co·

152 1091 315 1176 gitantem,
338 1091 428 1154 ouius
453 1092 634 1174 opinionem
658 1092 694 1155 in
715 1089 854 1154 Fabricii
881 1087 963 1154 Bihl.
985 1088 1101 1153 Graec.

154 1183 195 1250 T.
217 1183 257 1248 ll.
284 1208 316 1271 p.
337 1186 409 1251 333.
431 1200 497 1251 not.
517 1184 547 1250 t.
567 1207 697 1252 securus
725 1186 833 1251 retulit
857 1185 1035 1251 Harlesius.
1056 1218 1102 1236 -υ
1126 1212 1128 1217 ·

153 1280 306 1348 Extremo
325 1281 407 1348 libro
427 1281 508 1351 Xm⁰
530 1280 758 1371 Theopompus
783 1286 928 1348 notitiam
950 1285 1102 1370 demago·

153 1400 266 1466 gerum
291 1379 467 1454 Atticorum
497 1379 673 1446 adiecerat:
711 1402 843 1467 eamque
871 1395 993 1468 partem
1020 1402 1103 1447 non·

154 1475 233 1541 nulli
259 1501 279 1541 a
306 1476 428 1566 reliquo
457 1498 589 1563 corpore
616 1492 852 1564 separaverunt.
904 1477 1022 1547 Athen.
1043 1476 1102 1543 IV.

154 1591 186 1656 p.
208 1572 278 1636 166.
299 1572 349 1639 D.
378 1568 537 1649 'Quorum
567 1575 607 1637 de
640 1579 798 1639 sententia
831 1573 938 1639 Sohol.
966 1576 1103 1640 aniuu.

156 1666 197 1734 Τ.
216 1668 241 1734 Ι.
263 1694 295 1758 p.
319 1665 389 1733 142.
411 1673 519 1735 citatu't
538 1668 780 1757 Theopompum
801 1669 832 1731 εἰ
850 1674 894 1752 τῴ
913 1670 981 1752 περὶ
998 1673 1105 1752 Δημα-

153 1772 267 1843 γωγῶσ.
308 1769 413 1855 Atque
435 1769 606 1833 eorundem
620 1768 866 1854 Philippicorum
885 1781 1006 1855 partem
1024 1769 1106 1834 iuis·

99 1929 101 1933 .
155 1884 192 1928 se
216 1865 472 1944 ΘΛΤΜΛΣΙΑ,
493 1887 573 1952 quae
594 1866 751 1943 dicuutur,
774 1863 986 1952 Theopompi,
1004 1866 1033 1951 ⁸)
1050 1867 1105 1932 vel

156 1985 175 2028 e
195 1961 344 2047 Dionysii
371 1960 475 2027 verbis
502 1984 597 2048 supra
619 1963 784 2045 adscriptis
806 1963 984 2048 intelligas:
1007 1962 1061 2026 καὶ
1078 1964 1110 2027 εἴ
1159 1976 1165 1981 ”

154 2080 186 2124 τι
211 2055 390 2142 θαυμαστὸν
416 2057 436 2138 ἢ
468 2057 647 2139 παράδοξον
673 2057 786 2138 ἑκάστη
815 2063 854 2138 γῆ
880 2060 932 2122 καί
957 2056 1105 2125 θάλασσα

58 2185 62 2194 ·
111 2159 114 2164 ’
156 2157 247 2241 φέρει,
280 2158 517 2240 σσμιιεριιίληφιι
542 2155 573 2219 ἐν
594 2160 633 2249 τῇ
663 2157 859 2236 πραγματεία.
909 2154 1013 2232 Quem
1035 2163 1105 2245 opi·

72 2298 75 2303 -
155 2259 284 2320 aionem
307 2254 401 2339 plane
426 2251 592 2317 confirmat
621 2251 780 2317 adhibitus
815 2255 879 2324 iam
911 2254 1044 2320 eandem
1069 2258 1104 2318 in

154 2374 223 2419 rem
243 2375 263 2417 a
282 2349 411 2420 Marxio
431 2350 473 2415 ad
490 2350 608 2436 Ephor.
627 2373 659 2438 p.
677 2351 728 2414 32.
770 2346 960 2436 Apollonius
979 2350 1106 2435 Dysco-

155 2451 205 2516 lus
227 2449 312 2514 Hist.
328 2447 506 2514 Commeut.
527 2470 555 2511 c.
576 2446 598 2511 l.
619 2484 664 2496 —
689 2445 832 2532 καθάπερ
862 2445 949 2510 ἄλλοι
970 2472 1001 2511 τε
1022 2447 1106 2535 εἰρή-

155 2569 251 2626 κασιν,
277 2545 321 2608 ἔτι
344 2543 396 2606 καί
418 2540 597 2626 Θεόπομπος
627 2542 659 2607 ἐν
679 2552 745 2616 ταῖς
767 2542 927 2627 Ἱστορίαις
946 2545 1106 2632 ἐπιτρέχων

155 2644 196 2709 τὰ
220 2641 301 2727 κατὰ
326 2636 438 2712 τόπους
458 2636 623 2722 θαυμάσια.
666 2636 790 2718 Quodsi
812 2653 898 2705 recte
917 2642 1105 2708 Plutarchus

157 2743 198 2808 de
217 2740 346 2829 malign.
366 2738 488 2804 Herod.
508 2759 535 2802 c.
554 2738 585 2802 3.
608 2735 647 2801 Τ.
666 2733 741 2802 Xll.
761 2761 793 2825 p.
812 2736 884 2807 287.
904 2738 947 2804 Η.
970 2763 1105 2806 consue·

157 2838 297 2906 tudinem
315 2835 537 2902 historicorum
559 2833 749 2914 observavit,
778 2856 822 2898 ex
841 2858 903 2922 qua
924 2836 958 2899 ci
982 2835 1106 2921 ἐκβολαὶ

156 2935 209 3001 καὶ
227 2920 426 3020 παρατροπαὶ
444 2935 497 3014 τῆς
526 2931 663 3014 ἱστορίας
683 2926 813 3012 μάλιστα
839 2940 904 3005 τοῖς
927 2929 1038 3014 μύθοις
1059 2931 1107 2996 dc

158 3031 261 3116 δσιται
277 3028 332 3093 ‘sci
349 3035 415 3101 ταῖς
432 3024 669 3112 ἀρχαιολογίαις,
693 3027 737 3089 ἔτι
762 3023 796 3090 δὲ
815 3027 893 3109 πρὸς
919 3027 991 3102 τοὺς
1016 3022 1107 3093 Ιἐπαί-

156 3153 235 3209 νους,
260 3130 416 3195 coniicere
435 3120 521 3204 licet,
547 3127 583 3189 iu
602 3126 672 3203 istis
690 3128 830 3191 mexitne
856 3125 1106 3212 digressionibus

148 3227 300 3310 fabulas,
315 3213 439 3314 'quihus
461 3222 567 3288 locum
593 3224 629 3286 iu
652 3221 792 3322 historiis
820 3226 887 3288 suis
909 3226 1105 3288 concessisse

226 3553 255 3624 ¹)
275 3554 351 3608 Alios
378 3550 540 3620 θαυμασίαν
554 3552 714 3620 scriptores
744 3557 871 3605 recenset
895 3551 1013 3605 Ebertus
1039 3550 1104 3604 Dis-

159 3643 226 3692 sert.
249 3624 345 3690 Stel.
370 3652 397 3704 p.
420 3634 484 3688 1⁷4.
502 3650 542 3703 sq.
565 3640 595 3686 et
620 3633 729 3686 lonsius
756 3634 790 3685 tle
817 3633 917 3702 Soript.
942 3635 1016 3688 Hist.
1040 3631 1103 3685 Phi-

158 3721 210 3773 los.
229 3718 265 3781 ll,
282 3717 327 3769 12.
346 3717 401 3777 ubi
426 3730 495 3787 quae
520 3716 553 3768 de
571 3713 716 3768 Theocriti
737 3712 796 3766 chii
816 3713 966 3784 ἐπιστολαῖς
987 3716 1106 3784 deopa-

158 3801 230 3863 σιἰιις
246 3797 368 3868 sempsit,
387 3812 421 3852 oo
437 3813 498 3871 nou*
509 3796 637 3871 aidoneus
660 3807 753 3866 errore
769 3809 877 3867 vocure.
