<?xml version="1.0" encoding="UTF-8"?>
<!DOCTYPE html PUBLIC "-//W3C//DTD XHTML 1.0 Transitional//EN"
    "http://www.w3.org/TR/xhtml1/DTD/xhtml1-transitional.dtd">
<html xmlns="http://www.w3.org/1999/xhtml" xml:lang="en" lang="en">
 <head>
  <title>
</title>
<meta http-equiv="Content-Type" content="text/html;charset=utf-8" />
  <meta name='ocr-system' content='tesseract 3.04.00' />
  <meta name='ocr-capabilities' content='ocr_page ocr_carea ocr_par ocr_line ocrx_word'/>
</head>
<body>
  <div class='ocr_page' id='page_1' title='image "./detheopompichii00pflugoog_0078.png"; bbox 0 0 2534 4658; ppageno 0'>
   <div class='ocr_carea' id='block_1_1' title="bbox 456 379 736 498">
    <p class='ocr_par' dir='ltr' id='par_1_1' title="bbox 456 379 736 498">
     <span class='ocr_line' id='line_1_1' title="bbox 456 379 736 498; baseline 0.004 -55"><span class='ocrx_word' id='word_1_1' title='bbox 456 379 736 498; x_wconf 36' lang='grc' dir='ltr'><strong>δτι-69-</strong></span> 
     </span>
    </p>
   </div>
   <div class='ocr_carea' id='block_1_2' title="bbox 117 546 1208 2282">
    <p class='ocr_par' dir='ltr' id='par_1_2' title="bbox 117 546 1208 2282">
     <span class='ocr_line' id='line_1_2' title="bbox 156 546 1103 625; baseline -0.001 -15"><span class='ocrx_word' id='word_1_2' title='bbox 156 548 273 616; x_wconf 87' lang='lat' dir='ltr'><strong>errorls</strong></span> <span class='ocrx_word' id='word_1_3' title='bbox 292 548 548 625; x_wconf 85' lang='lat' dir='ltr'><strong>committeretur,</strong></span> <span class='ocrx_word' id='word_1_4' title='bbox 574 569 684 616; x_wconf 83' lang='lat' dir='ltr'><strong>verum</strong></span> <span class='ocrx_word' id='word_1_5' title='bbox 710 551 805 614; x_wconf 87' lang='lat' dir='ltr'><strong>etiam</strong></span> <span class='ocrx_word' id='word_1_6' title='bbox 833 549 1025 613; x_wconf 85' lang='lat' dir='ltr'><strong>inveteratas</strong></span> <span class='ocrx_word' id='word_1_7' title='bbox 1046 546 1103 610; x_wconf 85' lang='lat' dir='ltr'><strong>sed</strong></span> 
     </span>
     <span class='ocr_line' id='line_1_3' title="bbox 156 642 1103 733; baseline 0 -25"><span class='ocrx_word' id='word_1_8' title='bbox 156 645 284 709; x_wconf 87' lang='lat' dir='ltr'><strong>easdem</strong></span> <span class='ocrx_word' id='word_1_9' title='bbox 306 655 468 730; x_wconf 85' lang='lat' dir='ltr'><strong>corruptas</strong></span> <span class='ocrx_word' id='word_1_10' title='bbox 488 647 655 732; x_wconf 77' lang='lat' dir='ltr'><strong>opiniones</strong></span> <span class='ocrx_word' id='word_1_11' title='bbox 679 642 877 732; x_wconf 79' lang='lat' dir='ltr'>impugnavit</span> <span class='ocrx_word' id='word_1_12' title='bbox 901 660 994 733; x_wconf 86' lang='lat' dir='ltr'><strong>atque</strong></span> <span class='ocrx_word' id='word_1_13' title='bbox 1015 667 1103 710; x_wconf 84' lang='lat' dir='ltr'><strong>acer·</strong></span> 
     </span>
     <span class='ocr_line' id='line_1_4' title="bbox 155 739 1101 808; baseline -0.002 -3"><span class='ocrx_word' id='word_1_14' title='bbox 155 743 273 806; x_wconf 74' lang='lat' dir='ltr'><strong>timum</strong></span> <span class='ocrx_word' id='word_1_15' title='bbox 299 739 417 807; x_wconf 84' lang='lat' dir='ltr'><strong>adres</strong></span> <span class='ocrx_word' id='word_1_16' title='bbox 444 763 554 806; x_wconf 87' lang='lat' dir='ltr'><strong>omnes</strong></span> <span class='ocrx_word' id='word_1_17' title='bbox 573 741 725 806; x_wconf 92' lang='lat' dir='ltr'><strong>iudicium</strong></span> <span class='ocrx_word' id='word_1_18' title='bbox 754 741 911 808; x_wconf 80' lang='lat' dir='ltr'><strong>adhibuit:</strong></span> <span class='ocrx_word' id='word_1_19' title='bbox 940 744 1029 808; x_wconf 89' lang='lat' dir='ltr'><strong>cuius</strong></span> <span class='ocrx_word' id='word_1_20' title='bbox 1054 741 1101 804; x_wconf 86' lang='lat' dir='ltr'><strong>rei</strong></span> 
     </span>
     <span class='ocr_line' id='line_1_5' title="bbox 155 837 1102 926; baseline -0.001 -25"><span class='ocrx_word' id='word_1_21' title='bbox 155 839 350 924; x_wconf 87' lang='lat' dir='ltr'><strong>praeclarum</strong></span> <span class='ocrx_word' id='word_1_22' title='bbox 365 837 585 903; x_wconf 77' lang='lat' dir='ltr'>documentum</span> <span class='ocrx_word' id='word_1_23' title='bbox 598 837 750 905; x_wconf 88' lang='lat' dir='ltr'><strong>habemus</strong></span> <span class='ocrx_word' id='word_1_24' title='bbox 768 860 848 926; x_wconf 86' lang='lat' dir='ltr'><strong>quae</strong></span> <span class='ocrx_word' id='word_1_25' title='bbox 869 839 908 902; x_wconf 93' lang='lat' dir='ltr'><strong>de</strong></span> <span class='ocrx_word' id='word_1_26' title='bbox 918 861 1008 924; x_wconf 88' lang='lat' dir='ltr'><strong>pace,</strong></span> <span class='ocrx_word' id='word_1_27' title='bbox 1022 859 1102 924; x_wconf 90' lang='lat' dir='ltr'><strong>quae</strong></span> 
     </span>
     <span class='ocr_line' id='line_1_6' title="bbox 157 932 1102 1023; baseline -0.001 -25"><span class='ocrx_word' id='word_1_28' title='bbox 157 936 282 1014; x_wconf 86' lang='lat' dir='ltr'><strong>dioinrr,</strong></span> <span class='ocrx_word' id='word_1_29' title='bbox 307 932 449 998; x_wconf 85' lang='lat' dir='ltr'><strong>Cimonis</strong></span> <span class='ocrx_word' id='word_1_30' title='bbox 474 939 607 1022; x_wconf 75' lang='lat' dir='ltr'><strong>scripsit.</strong></span> <span class='ocrx_word' id='word_1_31' title='bbox 648 935 714 1001; x_wconf 88' lang='lat' dir='ltr'><strong>Sed</strong></span> <span class='ocrx_word' id='word_1_32' title='bbox 742 957 836 1023; x_wconf 88' lang='lat' dir='ltr'><strong>quum</strong></span> <span class='ocrx_word' id='word_1_33' title='bbox 858 937 1013 1000; x_wconf 85' lang='lat' dir='ltr'><strong>eiusmodi</strong></span> <span class='ocrx_word' id='word_1_34' title='bbox 1034 936 1102 1020; x_wconf 93' lang='lat' dir='ltr'><strong>opi·</strong></span> 
     </span>
     <span class='ocr_line' id='line_1_7' title="bbox 156 1032 1104 1118; baseline -0.001 -23"><span class='ocrx_word' id='word_1_35' title='bbox 156 1033 271 1096; x_wconf 89' lang='lat' dir='ltr'><strong>niones</strong></span> <span class='ocrx_word' id='word_1_36' title='bbox 291 1052 388 1116; x_wconf 89' lang='lat' dir='ltr'><strong>saepo</strong></span> <span class='ocrx_word' id='word_1_37' title='bbox 405 1053 477 1096; x_wconf 92' lang='lat' dir='ltr'><strong>oum</strong></span> <span class='ocrx_word' id='word_1_38' title='bbox 495 1033 640 1118; x_wconf 86' lang='lat' dir='ltr'><strong>populari</strong></span> <span class='ocrx_word' id='word_1_39' title='bbox 660 1035 800 1098; x_wconf 86' lang='lat' dir='ltr'><strong>vanitate</strong></span> <span class='ocrx_word' id='word_1_40' title='bbox 825 1045 857 1097; x_wconf 90' lang='lat' dir='ltr'><strong>et</strong></span> <span class='ocrx_word' id='word_1_41' title='bbox 883 1032 987 1118; x_wconf 83' lang='lat' dir='ltr'><strong>gloria</strong></span> <span class='ocrx_word' id='word_1_42' title='bbox 1003 1033 1104 1095; x_wconf 87' lang='lat' dir='ltr'><strong>maio·</strong></span> 
     </span>
     <span class='ocr_line' id='line_1_8' title="bbox 157 1122 1104 1215; baseline -0.002 -23"><span class='ocrx_word' id='word_1_43' title='bbox 157 1151 227 1192; x_wconf 86' lang='lat' dir='ltr'><strong>rum</strong></span> <span class='ocrx_word' id='word_1_44' title='bbox 246 1130 432 1214; x_wconf 86' lang='lat' dir='ltr'><strong>coniunctae</strong></span> <span class='ocrx_word' id='word_1_45' title='bbox 454 1141 572 1207; x_wconf 85' lang='lat' dir='ltr'><strong>essent,</strong></span> <span class='ocrx_word' id='word_1_46' title='bbox 600 1151 664 1193; x_wconf 94' lang='lat' dir='ltr'><strong>non</strong></span> <span class='ocrx_word' id='word_1_47' title='bbox 683 1132 797 1195; x_wconf 91' lang='lat' dir='ltr'><strong>mirum</strong></span> <span class='ocrx_word' id='word_1_48' title='bbox 818 1142 876 1208; x_wconf 86' lang='lat' dir='ltr'><strong>est,</strong></span> <span class='ocrx_word' id='word_1_49' title='bbox 904 1122 988 1215; x_wconf 90' lang='lat' dir='ltr'><strong>quod</strong></span> <span class='ocrx_word' id='word_1_50' title='bbox 1010 1129 1104 1191; x_wconf 90' lang='lat' dir='ltr'><strong>nimis</strong></span> 
     </span>
     <span class='ocr_line' id='line_1_9' title="bbox 158 1211 1208 1329; baseline -0.003 -40"><span class='ocrx_word' id='word_1_51' title='bbox 158 1223 269 1289; x_wconf 85' lang='lat' dir='ltr'><strong>sedula</strong></span> <span class='ocrx_word' id='word_1_52' title='bbox 295 1228 357 1290; x_wconf 88' lang='lat' dir='ltr'><strong>ista</strong></span> <span class='ocrx_word' id='word_1_53' title='bbox 380 1227 483 1311; x_wconf 90' lang='lat' dir='ltr'><strong>ipsius</strong></span> <span class='ocrx_word' id='word_1_54' title='bbox 512 1225 676 1329; x_wconf 68' lang='lat' dir='ltr'><strong>diligentia</strong></span> <span class='ocrx_word' id='word_1_55' title='bbox 703 1239 797 1313; x_wconf 88' lang='lat' dir='ltr'><strong>atque</strong></span> <span class='ocrx_word' id='word_1_56' title='bbox 827 1227 935 1290; x_wconf 86' lang='lat' dir='ltr'><strong>invida</strong></span> <span class='ocrx_word' id='word_1_57' title='bbox 960 1226 1030 1289; x_wconf 87' lang='lat' dir='ltr'><strong>visa</strong></span> <span class='ocrx_word' id='word_1_58' title='bbox 1053 1225 1104 1289; x_wconf 87' lang='lat' dir='ltr'><strong>sit.</strong></span> <span class='ocrx_word' id='word_1_59' title='bbox 1202 1211 1208 1229; x_wconf 69' lang='grc'>’</span> 
     </span>
     <span class='ocr_line' id='line_1_10' title="bbox 158 1319 1103 1408; baseline 0 -24"><span class='ocrx_word' id='word_1_60' title='bbox 158 1320 268 1398; x_wconf 78' lang='lat' dir='ltr'><strong>Quare</strong></span> <span class='ocrx_word' id='word_1_61' title='bbox 291 1321 374 1408; x_wconf 90' lang='lat' dir='ltr'><strong>apud</strong></span> <span class='ocrx_word' id='word_1_62' title='bbox 401 1323 536 1388; x_wconf 88' lang='lat' dir='ltr'><strong>eundem</strong></span> <span class='ocrx_word' id='word_1_63' title='bbox 553 1321 753 1388; x_wconf 84' lang='lat' dir='ltr'><strong>Athenaeum</strong></span> <span class='ocrx_word' id='word_1_64' title='bbox 778 1319 894 1387; x_wconf 82' lang='lat' dir='ltr'><strong>1..V1.</strong></span> <span class='ocrx_word' id='word_1_65' title='bbox 919 1344 951 1407; x_wconf 92' lang='lat' dir='ltr'><strong>p.</strong></span> <span class='ocrx_word' id='word_1_66' title='bbox 971 1319 1043 1385; x_wconf 76' lang='lat'><strong>254.</strong></span> <span class='ocrx_word' id='word_1_67' title='bbox 1065 1320 1103 1385; x_wconf 88' lang='grc' dir='ltr'><strong>Β.</strong></span> 
     </span>
     <span class='ocr_line' id='line_1_11' title="bbox 158 1416 1103 1501; baseline 0.002 -22"><span class='ocrx_word' id='word_1_68' title='bbox 158 1418 178 1479; x_wconf 84' lang='grc' dir='ltr'><strong>ὁ</strong></span> <span class='ocrx_word' id='word_1_69' title='bbox 205 1416 435 1501; x_wconf 68' lang='grc' dir='ltr'><em>δυσμενέστατος</em></span> <span class='ocrx_word' id='word_1_70' title='bbox 466 1431 613 1499; x_wconf 85' lang='lat' dir='ltr'><strong>vocatur,</strong></span> <span class='ocrx_word' id='word_1_71' title='bbox 647 1432 680 1487; x_wconf 88' lang='lat' dir='ltr'><strong>et</strong></span> <span class='ocrx_word' id='word_1_72' title='bbox 704 1419 950 1485; x_wconf 76' lang='lat' dir='ltr'><strong>maledicentiae</strong></span> <span class='ocrx_word' id='word_1_73' title='bbox 986 1421 1103 1484; x_wconf 83' lang='lat' dir='ltr'><strong>crimen</strong></span> 
     </span>
     <span class='ocr_line' id='line_1_12' title="bbox 117 1513 1103 1602; baseline -0.002 -22"><span class='ocrx_word' id='word_1_74' title='bbox 117 1554 122 1562; x_wconf 88' lang='lat'><strong>·</strong></span> <span class='ocrx_word' id='word_1_75' title='bbox 158 1519 343 1602; x_wconf 84' lang='lat' dir='ltr'><strong>saepissimo</strong></span> <span class='ocrx_word' id='word_1_76' title='bbox 371 1518 402 1580; x_wconf 90' lang='lat' dir='ltr'><strong>ei</strong></span> <span class='ocrx_word' id='word_1_77' title='bbox 433 1513 588 1580; x_wconf 88' lang='lat' dir='ltr'><strong>obiicitur.</strong></span> <span class='ocrx_word' id='word_1_78' title='bbox 644 1515 778 1581; x_wconf 82' lang='lat' dir='ltr'><strong>Lucina.</strong></span> <span class='ocrx_word' id='word_1_79' title='bbox 809 1514 849 1579; x_wconf 88' lang='lat' dir='ltr'><strong>de</strong></span> <span class='ocrx_word' id='word_1_80' title='bbox 879 1535 1002 1580; x_wconf 88' lang='lat' dir='ltr'><strong>consor.</strong></span> <span class='ocrx_word' id='word_1_81' title='bbox 1030 1513 1103 1578; x_wconf 91' lang='lat' dir='ltr'><strong>hist.</strong></span> 
     </span>
     <span class='ocr_line' id='line_1_13' title="bbox 160 1605 1105 1700; baseline -0.006 -23"><span class='ocrx_word' id='word_1_82' title='bbox 160 1613 211 1677; x_wconf 89' lang='grc'><strong>59.</strong></span> <span class='ocrx_word' id='word_1_83' title='bbox 229 1612 270 1679; x_wconf 87' lang='grc' dir='ltr'><strong>Τ.</strong></span> <span class='ocrx_word' id='word_1_84' title='bbox 282 1611 323 1678; x_wconf 93' lang='lat' dir='ltr'><strong>lI.</strong></span> <span class='ocrx_word' id='word_1_85' title='bbox 340 1637 372 1700; x_wconf 95' lang='lat' dir='ltr'><strong>p.</strong></span> <span class='ocrx_word' id='word_1_86' title='bbox 389 1611 441 1684; x_wconf 84' lang='lat'><strong>67.</strong></span> <span class='ocrx_word' id='word_1_87' title='bbox 462 1611 514 1676; x_wconf 78' lang='lat' dir='ltr'><strong>aori</strong></span> <span class='ocrx_word' id='word_1_88' title='bbox 530 1611 584 1694; x_wconf 76' lang='grc' dir='ltr'><strong>τὴν</strong></span> <span class='ocrx_word' id='word_1_89' title='bbox 600 1605 694 1695; x_wconf 70' lang='lat' dir='ltr'><strong>adtira</strong></span> <span class='ocrx_word' id='word_1_90' title='bbox 711 1607 883 1694; x_wconf 74' lang='grc' dir='ltr'>Θεοπόμπῳ</span> <span class='ocrx_word' id='word_1_91' title='bbox 903 1611 1002 1673; x_wconf 74' lang='grc' dir='ltr'><strong><em>αἰτίαν</em></strong></span> <span class='ocrx_word' id='word_1_92' title='bbox 1022 1611 1105 1690; x_wconf 66' lang='grc' dir='ltr'><em>ἔξεις,</em></span> 
     </span>
     <span class='ocr_line' id='line_1_14' title="bbox 158 1704 1105 1794; baseline -0.003 -22"><span class='ocrx_word' id='word_1_93' title='bbox 158 1705 424 1793; x_wconf 69' lang='grc' dir='ltr'><strong>φιλαπεχθημόνως</strong></span> <span class='ocrx_word' id='word_1_94' title='bbox 450 1713 666 1794; x_wconf 75' lang='grc' dir='ltr'><strong>κατηγοροῦντι</strong></span> <span class='ocrx_word' id='word_1_95' title='bbox 690 1712 752 1772; x_wconf 81' lang='grc' dir='ltr'><strong>τῶν</strong></span> <span class='ocrx_word' id='word_1_96' title='bbox 775 1704 937 1788; x_wconf 63' lang='grc' dir='ltr'><strong><em>πλείσταν,</em></strong></span> <span class='ocrx_word' id='word_1_97' title='bbox 962 1704 1014 1770; x_wconf 75' lang='lat' dir='ltr'><strong>nal</strong></span> <span class='ocrx_word' id='word_1_98' title='bbox 1039 1704 1105 1770; x_wconf 84' lang='grc' dir='ltr'><strong><em>δια-</em></strong></span> 
     </span>
     <span class='ocr_line' id='line_1_15' title="bbox 157 1802 1106 1894; baseline -0.001 -25"><span class='ocrx_word' id='word_1_99' title='bbox 157 1805 263 1892; x_wconf 67' lang='grc' dir='ltr'><strong><em>τριβὴν</em></strong></span> <span class='ocrx_word' id='word_1_100' title='bbox 289 1805 456 1889; x_wconf 80' lang='grc' dir='ltr'>ποιουμένῳ</span> <span class='ocrx_word' id='word_1_101' title='bbox 482 1803 598 1894; x_wconf 78' lang='grc' dir='ltr'>[περὶ]</span> <span class='ocrx_word' id='word_1_102' title='bbox 628 1805 666 1870; x_wconf 86' lang='grc' dir='ltr'><strong>τὸ</strong></span> <span class='ocrx_word' id='word_1_103' title='bbox 693 1809 834 1887; x_wconf 81' lang='grc' dir='ltr'><strong>πρᾶγμα,</strong></span> <span class='ocrx_word' id='word_1_104' title='bbox 862 1802 905 1872; x_wconf 77' lang='lat' dir='ltr'><strong>alc</strong></span> <span class='ocrx_word' id='word_1_105' title='bbox 930 1812 1106 1891; x_wconf 73' lang='grc' dir='ltr'><strong>κατηγορεῖν</strong></span> 
     </span>
     <span class='ocr_line' id='line_1_16' title="bbox 158 1899 1106 1988; baseline -0.002 -22"><span class='ocrx_word' id='word_1_106' title='bbox 158 1900 274 1986; x_wconf 81' lang='grc' dir='ltr'><strong><em>μᾶλλον</em></strong></span> <span class='ocrx_word' id='word_1_107' title='bbox 298 1901 320 1979; x_wconf 73' lang='grc' dir='ltr'><strong><em>ἦ</em></strong></span> <span class='ocrx_word' id='word_1_108' title='bbox 337 1902 465 1988; x_wconf 79' lang='grc' dir='ltr'><strong><em>ἱστορεῖν</em></strong></span> <span class='ocrx_word' id='word_1_109' title='bbox 485 1901 525 1965; x_wconf 84' lang='grc' dir='ltr'><strong>τὰ</strong></span> <span class='ocrx_word' id='word_1_110' title='bbox 548 1902 748 1987; x_wconf 79' lang='grc' dir='ltr'><strong>πεπραγμένα.</strong></span> <span class='ocrx_word' id='word_1_111' title='bbox 765 1939 809 1955; x_wconf 81' lang='lat'>-</span> <span class='ocrx_word' id='word_1_112' title='bbox 843 1899 960 1987; x_wconf 76' lang='grc' dir='ltr'><strong><em>Πατρὸς</em></strong></span> <span class='ocrx_word' id='word_1_113' title='bbox 978 1900 1030 1966; x_wconf 77' lang='lat' dir='ltr'><strong>sal</strong></span> <span class='ocrx_word' id='word_1_114' title='bbox 1049 1925 1106 1966; x_wconf 82' lang='grc' dir='ltr'><strong>κα-</strong></span> 
     </span>
     <span class='ocr_line' id='line_1_17' title="bbox 158 1997 1104 2087; baseline 0.003 -24"><span class='ocrx_word' id='word_1_115' title='bbox 158 1997 276 2082; x_wconf 77' lang='grc' dir='ltr'><strong><em>κοήθης</em></strong></span> <span class='ocrx_word' id='word_1_116' title='bbox 294 2001 382 2066; x_wconf 91' lang='lat' dir='ltr'><strong>audit</strong></span> <span class='ocrx_word' id='word_1_117' title='bbox 402 2000 487 2087; x_wconf 92' lang='lat' dir='ltr'><strong>apud</strong></span> <span class='ocrx_word' id='word_1_118' title='bbox 507 1999 638 2067; x_wconf 84' lang='lat' dir='ltr'><strong>Suidam</strong></span> <span class='ocrx_word' id='word_1_119' title='bbox 663 2022 689 2067; x_wconf 84' lang='lat' dir='ltr'><strong>s.</strong></span> <span class='ocrx_word' id='word_1_120' title='bbox 712 2022 742 2066; x_wconf 87' lang='lat' dir='ltr'><strong>v.</strong></span> <span class='ocrx_word' id='word_1_121' title='bbox 757 1999 909 2083; x_wconf 77' lang='lat' dir='ltr'><strong>”Epopoct</strong></span> <span class='ocrx_word' id='word_1_122' title='bbox 936 1999 1018 2063; x_wconf 88' lang='lat' dir='ltr'><strong>adde</strong></span> <span class='ocrx_word' id='word_1_123' title='bbox 1037 1999 1104 2066; x_wconf 87' lang='lat' dir='ltr'><strong>Cic.</strong></span> 
     </span>
     <span class='ocr_line' id='line_1_18' title="bbox 158 2095 1104 2187; baseline 0 -25"><span class='ocrx_word' id='word_1_124' title='bbox 158 2098 200 2163; x_wconf 93' lang='lat' dir='ltr'><strong>ad</strong></span> <span class='ocrx_word' id='word_1_125' title='bbox 219 2099 285 2164; x_wconf 85' lang='lat' dir='ltr'><strong>Att.</strong></span> <span class='ocrx_word' id='word_1_126' title='bbox 305 2096 349 2187; x_wconf 66' lang='lat' dir='ltr'><strong>ll,</strong></span> <span class='ocrx_word' id='word_1_127' title='bbox 367 2099 397 2162; x_wconf 87' lang='lat'><strong>9.</strong></span> <span class='ocrx_word' id='word_1_128' title='bbox 436 2096 594 2162; x_wconf 81' lang='lat' dir='ltr'><strong>Plutarch.</strong></span> <span class='ocrx_word' id='word_1_129' title='bbox 619 2097 659 2162; x_wconf 86' lang='lat' dir='ltr'><strong>de</strong></span> <span class='ocrx_word' id='word_1_130' title='bbox 683 2097 813 2185; x_wconf 83' lang='lat' dir='ltr'><strong>malign.</strong></span> <span class='ocrx_word' id='word_1_131' title='bbox 842 2095 962 2161; x_wconf 86' lang='lat' dir='ltr'><strong>Herod.</strong></span> <span class='ocrx_word' id='word_1_132' title='bbox 982 2119 1013 2184; x_wconf 84' lang='lat' dir='ltr'><strong>p.</strong></span> <span class='ocrx_word' id='word_1_133' title='bbox 1031 2096 1104 2162; x_wconf 85' lang='grc'><strong>286.</strong></span> 
     </span>
     <span class='ocr_line' id='line_1_19' title="bbox 158 2191 1104 2282; baseline -0.002 -21"><span class='ocrx_word' id='word_1_134' title='bbox 158 2193 240 2282; x_wconf 82' lang='lat' dir='ltr'><strong>Nep.</strong></span> <span class='ocrx_word' id='word_1_135' title='bbox 259 2193 302 2264; x_wconf 85' lang='lat' dir='ltr'><strong>V.</strong></span> <span class='ocrx_word' id='word_1_136' title='bbox 329 2192 432 2259; x_wconf 86' lang='lat' dir='ltr'><strong>Alcih.</strong></span> <span class='ocrx_word' id='word_1_137' title='bbox 457 2195 508 2257; x_wconf 86' lang='lat' dir='ltr'><strong>ll.</strong></span> <span class='ocrx_word' id='word_1_138' title='bbox 541 2194 643 2260; x_wconf 89' lang='lat' dir='ltr'><strong>Clem.</strong></span> <span class='ocrx_word' id='word_1_139' title='bbox 670 2193 767 2261; x_wconf 83' lang='lat' dir='ltr'><strong>Alex.</strong></span> <span class='ocrx_word' id='word_1_140' title='bbox 794 2193 910 2260; x_wconf 88' lang='lat' dir='ltr'><strong>Strom.</strong></span> <span class='ocrx_word' id='word_1_141' title='bbox 928 2191 954 2257; x_wconf 92' lang='lat' dir='ltr'><strong>l.</strong></span> <span class='ocrx_word' id='word_1_142' title='bbox 982 2215 1014 2279; x_wconf 92' lang='lat' dir='ltr'><strong>p.</strong></span> <span class='ocrx_word' id='word_1_143' title='bbox 1031 2194 1104 2259; x_wconf 80' lang='lat'><strong>316.</strong></span> 
     </span>
    </p>
   </div>
   <div class='ocr_carea' id='block_1_3' title="bbox 118 2281 1106 3929">
    <p class='ocr_par' dir='ltr' id='par_1_3' title="bbox 118 2281 1106 3929">
     <span class='ocr_line' id='line_1_20' title="bbox 159 2281 1106 2379; baseline -0.001 -23"><span class='ocrx_word' id='word_1_144' title='bbox 159 2281 270 2356; x_wconf 74' lang='lat' dir='ltr'><strong>Oxon‘.</strong></span> <span class='ocrx_word' id='word_1_145' title='bbox 311 2288 454 2366; x_wconf 80' lang='lat' dir='ltr'><strong>Quorum</strong></span> <span class='ocrx_word' id='word_1_146' title='bbox 475 2294 662 2356; x_wconf 86' lang='lat' dir='ltr'><strong>testimoniis</strong></span> <span class='ocrx_word' id='word_1_147' title='bbox 681 2293 736 2379; x_wconf 89' lang='lat' dir='ltr'><strong>qui</strong></span> <span class='ocrx_word' id='word_1_148' title='bbox 755 2303 933 2370; x_wconf 85' lang='lat' dir='ltr'><strong>mouentur,</strong></span> <span class='ocrx_word' id='word_1_149' title='bbox 959 2310 1016 2354; x_wconf 90' lang='lat' dir='ltr'><strong>eos</strong></span> <span class='ocrx_word' id='word_1_150' title='bbox 1036 2312 1106 2355; x_wconf 92' lang='lat' dir='ltr'><strong>mo·</strong></span> 
     </span>
     <span class='ocr_line' id='line_1_21' title="bbox 160 2384 1105 2474; baseline 0.002 -24"><span class='ocrx_word' id='word_1_151' title='bbox 160 2390 244 2452; x_wconf 89' lang='lat' dir='ltr'><strong>nitos</strong></span> <span class='ocrx_word' id='word_1_152' title='bbox 268 2385 380 2464; x_wconf 88' lang='lat' dir='ltr'><strong>velim,</strong></span> <span class='ocrx_word' id='word_1_153' title='bbox 419 2384 662 2474; x_wconf 83' lang='lat' dir='ltr'><strong>Theopompum</strong></span> <span class='ocrx_word' id='word_1_154' title='bbox 686 2391 721 2452; x_wconf 92' lang='lat' dir='ltr'><strong>in</strong></span> <span class='ocrx_word' id='word_1_155' title='bbox 755 2410 795 2452; x_wconf 91' lang='lat' dir='ltr'><strong>ea</strong></span> <span class='ocrx_word' id='word_1_156' title='bbox 817 2398 921 2452; x_wconf 87' lang='lat' dir='ltr'><strong>aetate</strong></span> <span class='ocrx_word' id='word_1_157' title='bbox 946 2400 1105 2452; x_wconf 89' lang='lat' dir='ltr'><strong>versatum</strong></span> 
     </span>
     <span class='ocr_line' id='line_1_22' title="bbox 159 2483 1105 2570; baseline -0.001 -22"><span class='ocrx_word' id='word_1_158' title='bbox 159 2504 241 2562; x_wconf 86' lang='lat' dir='ltr'><strong>esse,</strong></span> <span class='ocrx_word' id='word_1_159' title='bbox 257 2506 338 2569; x_wconf 89' lang='lat' dir='ltr'><strong>quae</strong></span> <span class='ocrx_word' id='word_1_160' title='bbox 359 2496 444 2548; x_wconf 87' lang='lat' dir='ltr'><strong>esset</strong></span> <span class='ocrx_word' id='word_1_161' title='bbox 469 2483 563 2570; x_wconf 90' lang='lat' dir='ltr'><strong>plena</strong></span> <span class='ocrx_word' id='word_1_162' title='bbox 590 2487 755 2549; x_wconf 88' lang='lat' dir='ltr'><strong>criminum</strong></span> <span class='ocrx_word' id='word_1_163' title='bbox 781 2485 1047 2550; x_wconf 77' lang='lat' dir='ltr'><strong>atrocissimorum</strong></span> <span class='ocrx_word' id='word_1_164' title='bbox 1070 2486 1105 2547; x_wconf 91' lang='lat' dir='ltr'><strong>in</strong></span> 
     </span>
     <span class='ocr_line' id='line_1_23' title="bbox 158 2576 1105 2668; baseline 0.001 -24"><span class='ocrx_word' id='word_1_165' title='bbox 158 2580 328 2668; x_wconf 88' lang='lat' dir='ltr'><strong>repuplica,</strong></span> <span class='ocrx_word' id='word_1_166' title='bbox 347 2581 467 2646; x_wconf 73' lang='lat' dir='ltr'><strong>haudis</strong></span> <span class='ocrx_word' id='word_1_167' title='bbox 487 2606 524 2646; x_wconf 89' lang='lat' dir='ltr'><strong>ao</strong></span> <span class='ocrx_word' id='word_1_168' title='bbox 547 2581 691 2645; x_wconf 87' lang='lat' dir='ltr'><strong>malitiae</strong></span> <span class='ocrx_word' id='word_1_169' title='bbox 705 2583 740 2645; x_wconf 91' lang='lat' dir='ltr'><strong>in</strong></span> <span class='ocrx_word' id='word_1_170' title='bbox 758 2584 824 2646; x_wconf 85' lang='lat' dir='ltr'><strong>rita</strong></span> <span class='ocrx_word' id='word_1_171' title='bbox 843 2583 975 2668; x_wconf 88' lang='lat' dir='ltr'><strong>privata.</strong></span> <span class='ocrx_word' id='word_1_172' title='bbox 1016 2576 1105 2655; x_wconf 82' lang='lat' dir='ltr'><strong>Quo·</strong></span> 
     </span>
     <span class='ocr_line' id='line_1_24' title="bbox 159 2677 1105 2766; baseline 0 -23"><span class='ocrx_word' id='word_1_173' title='bbox 159 2682 243 2743; x_wconf 88' lang='lat' dir='ltr'><strong>circa</strong></span> <span class='ocrx_word' id='word_1_174' title='bbox 263 2681 292 2742; x_wconf 89' lang='lat' dir='ltr'><strong>si</strong></span> <span class='ocrx_word' id='word_1_175' title='bbox 311 2682 437 2764; x_wconf 89' lang='lat' dir='ltr'><strong>saepius</strong></span> <span class='ocrx_word' id='word_1_176' title='bbox 453 2677 705 2766; x_wconf 89' lang='lat' dir='ltr'><strong>reprehendendi</strong></span> <span class='ocrx_word' id='word_1_177' title='bbox 732 2699 824 2766; x_wconf 92' lang='lat' dir='ltr'><strong>quam</strong></span> <span class='ocrx_word' id='word_1_178' title='bbox 846 2677 995 2742; x_wconf 92' lang='lat' dir='ltr'><strong>laudandi</strong></span> <span class='ocrx_word' id='word_1_179' title='bbox 1013 2699 1105 2743; x_wconf 87' lang='lat' dir='ltr'><strong>occa-</strong></span> 
     </span>
     <span class='ocr_line' id='line_1_25' title="bbox 118 2772 1104 2860; baseline 0.002 -22"><span class='ocrx_word' id='word_1_180' title='bbox 118 2774 120 2779; x_wconf 78' lang='grc'><strong>’</strong></span> <span class='ocrx_word' id='word_1_181' title='bbox 158 2778 281 2840; x_wconf 90' lang='lat' dir='ltr'><strong>sionem</strong></span> <span class='ocrx_word' id='word_1_182' title='bbox 302 2772 422 2854; x_wconf 90' lang='lat' dir='ltr'><strong>habuit,</strong></span> <span class='ocrx_word' id='word_1_183' title='bbox 439 2776 473 2839; x_wconf 94' lang='lat' dir='ltr'><strong>id</strong></span> <span class='ocrx_word' id='word_1_184' title='bbox 493 2796 559 2839; x_wconf 90' lang='lat' dir='ltr'><strong>non</strong></span> <span class='ocrx_word' id='word_1_185' title='bbox 579 2776 740 2860; x_wconf 86' lang='lat' dir='ltr'><strong>scriptoris</strong></span> <span class='ocrx_word' id='word_1_186' title='bbox 756 2775 895 2838; x_wconf 85' lang='lat' dir='ltr'><strong>invidiae</strong></span> <span class='ocrx_word' id='word_1_187' title='bbox 916 2797 955 2840; x_wconf 87' lang='lat' dir='ltr'><strong>aa</strong></span> <span class='ocrx_word' id='word_1_188' title='bbox 973 2774 1104 2840; x_wconf 88' lang='lat' dir='ltr'><strong>malivo-</strong></span> 
     </span>
     <span class='ocr_line' id='line_1_26' title="bbox 158 2869 1103 2959; baseline 0 -23"><span class='ocrx_word' id='word_1_189' title='bbox 158 2872 292 2950; x_wconf 87' lang='lat' dir='ltr'><strong>lentiae,</strong></span> <span class='ocrx_word' id='word_1_190' title='bbox 326 2869 384 2934; x_wconf 87' lang='lat' dir='ltr'><strong>sed</strong></span> <span class='ocrx_word' id='word_1_191' title='bbox 416 2882 591 2959; x_wconf 90' lang='lat' dir='ltr'><strong>temporum</strong></span> <span class='ocrx_word' id='word_1_192' title='bbox 622 2873 781 2958; x_wconf 88' lang='lat' dir='ltr'><strong>iniquitati</strong></span> <span class='ocrx_word' id='word_1_193' title='bbox 815 2870 1014 2935; x_wconf 89' lang='lat' dir='ltr'><strong>tribuendum</strong></span> <span class='ocrx_word' id='word_1_194' title='bbox 1045 2883 1103 2936; x_wconf 89' lang='lat' dir='ltr'><strong>est.</strong></span> 
     </span>
     <span class='ocr_line' id='line_1_27' title="bbox 159 2965 1104 3055; baseline -0.002 -23"><span class='ocrx_word' id='word_1_195' title='bbox 159 2966 282 3044; x_wconf 79' lang='lat' dir='ltr'><strong>Quodsi</strong></span> <span class='ocrx_word' id='word_1_196' title='bbox 303 2969 357 3054; x_wconf 90' lang='lat' dir='ltr'><strong>qui</strong></span> <span class='ocrx_word' id='word_1_197' title='bbox 378 2980 484 3032; x_wconf 89' lang='lat' dir='ltr'><strong>tamen</strong></span> <span class='ocrx_word' id='word_1_198' title='bbox 503 2971 713 3054; x_wconf 88' lang='lat' dir='ltr'><strong>reperiuntur,</strong></span> <span class='ocrx_word' id='word_1_199' title='bbox 743 2970 796 3055; x_wconf 92' lang='lat' dir='ltr'><strong>qui</strong></span> <span class='ocrx_word' id='word_1_200' title='bbox 817 2969 851 3031; x_wconf 92' lang='lat' dir='ltr'><strong>id</strong></span> <span class='ocrx_word' id='word_1_201' title='bbox 869 2969 972 3032; x_wconf 92' lang='lat' dir='ltr'><strong>minus</strong></span> <span class='ocrx_word' id='word_1_202' title='bbox 991 2965 1104 3031; x_wconf 91' lang='lat' dir='ltr'><strong>aoerbe</strong></span> 
     </span>
     <span class='ocr_line' id='line_1_28' title="bbox 159 3065 1105 3154; baseline -0.002 -25"><span class='ocrx_word' id='word_1_203' title='bbox 159 3066 231 3129; x_wconf 86' lang='lat' dir='ltr'><strong>fieri</strong></span> <span class='ocrx_word' id='word_1_204' title='bbox 250 3068 391 3154; x_wconf 87' lang='lat' dir='ltr'><strong>potuisse</strong></span> <span class='ocrx_word' id='word_1_205' title='bbox 413 3065 612 3129; x_wconf 82' lang='lat' dir='ltr'><strong>existiment:</strong></span> <span class='ocrx_word' id='word_1_206' title='bbox 630 3086 754 3143; x_wconf 89' lang='lat' dir='ltr'><strong>vereor,</strong></span> <span class='ocrx_word' id='word_1_207' title='bbox 776 3085 817 3127; x_wconf 88' lang='lat' dir='ltr'><strong>ne</strong></span> <span class='ocrx_word' id='word_1_208' title='bbox 835 3065 1042 3152; x_wconf 82' lang='lat' dir='ltr'><strong>perniciosior</strong></span> <span class='ocrx_word' id='word_1_209' title='bbox 1063 3067 1105 3127; x_wconf 90' lang='lat' dir='ltr'><strong>sit</strong></span> 
     </span>
     <span class='ocr_line' id='line_1_29' title="bbox 158 3159 1105 3245; baseline -0.003 -18"><span class='ocrx_word' id='word_1_210' title='bbox 158 3166 221 3227; x_wconf 90' lang='lat' dir='ltr'><strong>ista</strong></span> <span class='ocrx_word' id='word_1_211' title='bbox 243 3163 470 3227; x_wconf 84' lang='lat' dir='ltr'><strong>assentantium</strong></span> <span class='ocrx_word' id='word_1_212' title='bbox 500 3163 586 3224; x_wconf 86' lang='lat' dir='ltr'><strong>vitiis</strong></span> <span class='ocrx_word' id='word_1_213' title='bbox 610 3159 818 3226; x_wconf 86' lang='lat' dir='ltr'><strong>multitudinis</strong></span> <span class='ocrx_word' id='word_1_214' title='bbox 849 3160 984 3224; x_wconf 80' lang='lat' dir='ltr'><strong>facilitas</strong></span> <span class='ocrx_word' id='word_1_215' title='bbox 1012 3181 1105 3245; x_wconf 86' lang='lat' dir='ltr'><strong>qrram</strong></span> 
     </span>
     <span class='ocr_line' id='line_1_30' title="bbox 158 3254 1106 3344; baseline -0.005 -20"><span class='ocrx_word' id='word_1_216' title='bbox 158 3259 211 3324; x_wconf 88' lang='lat' dir='ltr'><strong>vel</strong></span> <span class='ocrx_word' id='word_1_217' title='bbox 230 3260 382 3323; x_wconf 88' lang='lat' dir='ltr'><strong>acerrima</strong></span> <span class='ocrx_word' id='word_1_218' title='bbox 406 3258 592 3342; x_wconf 79' lang='lat' dir='ltr'><strong>exagitatio.</strong></span> <span class='ocrx_word' id='word_1_219' title='bbox 640 3254 882 3342; x_wconf 84' lang='lat' dir='ltr'><strong>Theopompum</strong></span> <span class='ocrx_word' id='word_1_220' title='bbox 906 3276 983 3319; x_wconf 89' lang='lat' dir='ltr'><strong>sane</strong></span> <span class='ocrx_word' id='word_1_221' title='bbox 1009 3277 1106 3344; x_wconf 80' lang='lat' dir='ltr'><strong>aegra</strong></span> 
     </span>
     <span class='ocr_line' id='line_1_31' title="bbox 160 3351 1105 3432; baseline -0.001 -13"><span class='ocrx_word' id='word_1_222' title='bbox 160 3355 231 3420; x_wconf 92' lang='lat' dir='ltr'><strong>tulit</strong></span> <span class='ocrx_word' id='word_1_223' title='bbox 249 3353 304 3418; x_wconf 85' lang='lat' dir='ltr'><strong>illa</strong></span> <span class='ocrx_word' id='word_1_224' title='bbox 325 3367 424 3432; x_wconf 87' lang='lat' dir='ltr'><strong>aetas,</strong></span> <span class='ocrx_word' id='word_1_225' title='bbox 450 3353 492 3417; x_wconf 92' lang='lat' dir='ltr'><strong>ad</strong></span> <span class='ocrx_word' id='word_1_226' title='bbox 516 3355 661 3418; x_wconf 83' lang='lat' dir='ltr'><strong>virtutem</strong></span> <span class='ocrx_word' id='word_1_227' title='bbox 679 3353 794 3430; x_wconf 81' lang='lat' dir='ltr'><strong>mollis,</strong></span> <span class='ocrx_word' id='word_1_228' title='bbox 826 3352 883 3415; x_wconf 90' lang='lat' dir='ltr'><strong>sed</strong></span> <span class='ocrx_word' id='word_1_229' title='bbox 910 3351 1021 3416; x_wconf 88' lang='lat' dir='ltr'><strong>eadem</strong></span> <span class='ocrx_word' id='word_1_230' title='bbox 1046 3375 1105 3418; x_wconf 86' lang='lat' dir='ltr'><strong>ex·</strong></span> 
     </span>
     <span class='ocr_line' id='line_1_32' title="bbox 159 3447 1104 3539; baseline -0.002 -24"><span class='ocrx_word' id='word_1_231' title='bbox 159 3449 375 3539; x_wconf 90' lang='lat' dir='ltr'><strong>probrantinm</strong></span> <span class='ocrx_word' id='word_1_232' title='bbox 394 3471 490 3515; x_wconf 89' lang='lat' dir='ltr'><strong>voces</strong></span> <span class='ocrx_word' id='word_1_233' title='bbox 512 3450 640 3514; x_wconf 88' lang='lat' dir='ltr'><strong>minimo</strong></span> <span class='ocrx_word' id='word_1_234' title='bbox 667 3447 822 3513; x_wconf 87' lang='lat' dir='ltr'><strong>tolerans:</strong></span> <span class='ocrx_word' id='word_1_235' title='bbox 847 3447 930 3533; x_wconf 92' lang='lat' dir='ltr'><strong>quod</strong></span> <span class='ocrx_word' id='word_1_236' title='bbox 959 3461 1008 3513; x_wconf 90' lang='lat' dir='ltr'><strong>est</strong></span> <span class='ocrx_word' id='word_1_237' title='bbox 1036 3472 1104 3515; x_wconf 87' lang='lat' dir='ltr'><strong>cer·</strong></span> 
     </span>
     <span class='ocr_line' id='line_1_33' title="bbox 160 3542 1104 3634; baseline -0.004 -21"><span class='ocrx_word' id='word_1_238' title='bbox 160 3551 314 3613; x_wconf 82' lang='lat' dir='ltr'><strong>tissimnm</strong></span> <span class='ocrx_word' id='word_1_239' title='bbox 334 3559 550 3634; x_wconf 89' lang='lat' dir='ltr'><strong>corruptorum</strong></span> <span class='ocrx_word' id='word_1_240' title='bbox 569 3565 692 3608; x_wconf 90' lang='lat' dir='ltr'><strong>morum</strong></span> <span class='ocrx_word' id='word_1_241' title='bbox 719 3546 880 3608; x_wconf 87' lang='lat' dir='ltr'><strong>indicium.</strong></span> <span class='ocrx_word' id='word_1_242' title='bbox 920 3542 970 3607; x_wconf 89' lang='grc' dir='ltr'><strong>Λο</strong></span> <span class='ocrx_word' id='word_1_243' title='bbox 988 3545 1104 3609; x_wconf 89' lang='lat' dir='ltr'><strong>multos</strong></span> 
     </span>
     <span class='ocr_line' id='line_1_34' title="bbox 158 3639 1103 3729; baseline -0.006 -19"><span class='ocrx_word' id='word_1_244' title='bbox 158 3645 221 3710; x_wconf 88' lang='lat' dir='ltr'><strong>illis</strong></span> <span class='ocrx_word' id='word_1_245' title='bbox 243 3643 435 3729; x_wconf 85' lang='lat' dir='ltr'><strong>temporibus</strong></span> <span class='ocrx_word' id='word_1_246' title='bbox 453 3645 573 3720; x_wconf 78' lang='lat' dir='ltr'><strong>rideas,</strong></span> <span class='ocrx_word' id='word_1_247' title='bbox 595 3642 649 3726; x_wconf 87' lang='lat' dir='ltr'><strong>qui</strong></span> <span class='ocrx_word' id='word_1_248' title='bbox 668 3643 805 3726; x_wconf 84' lang='lat' dir='ltr'><strong>speeiem</strong></span> <span class='ocrx_word' id='word_1_249' title='bbox 829 3639 1004 3704; x_wconf 84' lang='lat' dir='ltr'><strong>honestatis</strong></span> <span class='ocrx_word' id='word_1_250' title='bbox 1022 3645 1103 3704; x_wconf 86' lang='lat' dir='ltr'><strong>tueri</strong></span> 
     </span>
     <span class='ocr_line' id='line_1_35' title="bbox 159 3736 1103 3827; baseline -0.008 -20"><span class='ocrx_word' id='word_1_251' title='bbox 159 3753 328 3827; x_wconf 88' lang='lat' dir='ltr'><strong>cuperent,</strong></span> <span class='ocrx_word' id='word_1_252' title='bbox 358 3742 444 3805; x_wconf 84' lang='lat' dir='ltr'><strong>intur</strong></span> <span class='ocrx_word' id='word_1_253' title='bbox 470 3740 658 3826; x_wconf 83' lang='lat' dir='ltr'><strong>turpissimis</strong></span> <span class='ocrx_word' id='word_1_254' title='bbox 684 3736 904 3822; x_wconf 86' lang='lat' dir='ltr'><strong>cupiditatibus</strong></span> <span class='ocrx_word' id='word_1_255' title='bbox 938 3739 1103 3813; x_wconf 83' lang='lat' dir='ltr'><strong>servirent,</strong></span> 
     </span>
     <span class='ocr_line' id='line_1_36' title="bbox 139 3837 1102 3929; baseline -0.006 -25"><span class='ocrx_word' id='word_1_256' title='bbox 139 3860 218 3929; x_wconf 27' lang='lat' dir='ltr'><strong>&#39;uec</strong></span> <span class='ocrx_word' id='word_1_257' title='bbox 238 3839 337 3904; x_wconf 87' lang='lat' dir='ltr'><strong>divini</strong></span> <span class='ocrx_word' id='word_1_258' title='bbox 365 3858 425 3902; x_wconf 86' lang='lat' dir='ltr'><strong>nec</strong></span> <span class='ocrx_word' id='word_1_259' title='bbox 452 3837 580 3904; x_wconf 87' lang='lat' dir='ltr'><strong>hurnani</strong></span> <span class='ocrx_word' id='word_1_260' title='bbox 600 3838 678 3903; x_wconf 85' lang='lat' dir='ltr'><strong>iuris</strong></span> <span class='ocrx_word' id='word_1_261' title='bbox 699 3855 865 3910; x_wconf 87' lang='lat' dir='ltr'><strong>memores,</strong></span> <span class='ocrx_word' id='word_1_262' title='bbox 893 3844 1102 3920; x_wconf 82' lang='lat' dir='ltr'><strong>corruptores,</strong></span> 
     </span>
    </p>
   </div>
   <div class='ocr_carea' id='block_1_4' title="bbox 0 0 1276 4658">
    <p class='ocr_par' dir='ltr' id='par_1_4' title="bbox 0 0 1276 4658">
     <span class='ocr_line' id='line_1_37' title="bbox 0 0 1276 4658; baseline 0 0"><span class='ocrx_word' id='word_1_263' title='bbox 0 0 1276 4658; x_wconf 95' lang='lat' dir='ltr'><strong> </strong></span> 
     </span>
    </p>
   </div>
  </div>
 </body>
</html>
