2534 4658
521 373 731 438 ..33-

154 545 216 611 iste
242 542 429 620 numeravit,
455 538 647 608 efficiuntur.
696 536 770 616 Quo
799 540 1019 609 animadverso
1043 543 1110 611 lor·

154 641 330 729 tasseqoiu
356 637 469 703 adduci
495 641 607 724 possit,
634 651 670 702 ut
694 635 920 725 nquihmdam
944 639 1025 706 hoec
1048 645 1111 707 tria

157 759 255 825 opera
281 735 341 802 suh
367 739 525 801 communi
553 738 681 800 nomine
699 731 873 817 Ἱστορικῶν
891 731 1007 814 Λόγων
1033 759 1112 803 oon-

156 838 265 901 iuneta
280 890 284 898 .
297 832 397 896 fuisse
423 836 625 918 suspicetur..
669 830 868 919 Quamquam
902 834 1047 920 equidem
1075 839 1112 901 in

157 946 246 998 tauta
264 928 349 994 illius
368 931 530 1014 scriptoris
549 931 744 1018 negligentia
758 949 883 1007 vereor,
901 951 943 994 ne
960 953 1005 996 ex
1026 936 1113 998 eius·

157 1027 244 1095 modi
264 1027 448 1091 commentis
464 1047 573 1113 parum
587 1043 674 1094 certa
691 1025 763 1092 fieri
783 1027 966 1093 coniectura
986 1044 1092 1116 queat.

159 1172 162 1177 ·
240 1121 280 1189 ln
297 1121 360 1188 illis
376 1125 475 1208 igitur
494 1124 696 1210 amplissimis
710 1121 939 1211 uberrimisque
960 1122 1113 1191 historim

158 1220 352 1308 Philippicae
382 1217 594 1286 voluminibus
627 1242 723 1308 quum
757 1216 986 1306 Theopompus
1014 1222 1115 1287 multa

160 1340 205 1384 ex
224 1314 387 1384 recondita
414 1315 575 1383 annalium
595 1319 760 1394 memoria,
782 1316 882 1382 multu
910 1338 954 1381 ex
982 1339 1114 1384 accura-

162 1417 243 1480 tiora
264 1436 370 1478 rerum
394 1425 526 1478 namtas
555 1416 748 1501 cognitione,
776 1434 857 1501 quae
884 1426 951 1480 nnn
976 1417 1115 1481 incredi-

162 1509 243 1577 hiles
268 1510 386 1576 fecerat
415 1532 613 1597 progressus,
645 1524 771 1598 praeter
797 1510 940 1577 ordinem
963 1515 1116 1599 temporis

162 1606 258 1672 vellet
288 1628 470 1694 exponere,
502 1611 630 1694 saepius
665 1629 741 1672 usus
771 1621 821 1672 est
849 1607 1112 1694 degresrt'omhm,

163 1726 242 1793 quas
262 1703 454 1788 παρεκβάσεις
481 1701 532 1769 vel
552 1702 761 1788 παρατροπὰς
781 1704 808 1790 ¹)
831 1703 945 1769 Graeci
965 1704 1114 1772 rhetores

163 1799 323 1867 dixerunt.
339 1803 371 1886 ²)
414 1797 509 1876 Quod
525 1822 627 1887 geum
647 1822 744 1888 quum
762 1822 804 1865 ue
823 1798 1028 1885 Thucydides
1045 1806 1116 1890 qui·

164 1897 246 1976 (lem,
265 1898 432 1963 adstrictos
452 1895 507 1961 ille
528 1910 626 1983 atque
650 1900 684 1962 in
712 1900 783 1984 ipsa
803 1902 994 1964 necessitate
1014 1913 1047 1965 et
1064 1923 1116 1965 re·

164 2016 236 2061 rum
253 2007 286 2059 et
305 1995 472 2060 verborum
485 1995 673 2072 consistens,
693 1993 905 2060 damnaverit:
924 1996 953 2078 ³)
973 2017 1038 2062 uon
1056 2000 1117 2062 mi·

165 2113 235 2156 rum
253 2104 302 2156 est
322 2090 498 2178 postillam
519 2091 663 2177 cupidius
684 2113 756 2156 esse
775 2104 952 2170 tractatum,
980 2093 1064 2179 qnod
1084 2107 1118 2159 et

165 2181 354 2270 ’πολυμαθείᾳ
373 2187 468 2252 huius
493 2191 607 2252 aetatis
625 2209 776 2274 magnum
793 2210 937 2274 campum
956 2191 1118 2275 pateface-

165 2298 224 2364 ret,
244 2299 277 2352 et
294 2299 401 2372 aptum
420 2283 604 2349 relaxandis
631 2283 784 2350 lectonun
805 2288 919 2351 animis
943 2287 1116 2353 videretur.

166 2380 392 2447 Verumtamen
414 2378 640 2468 Theopompus
671 2370 718 2446 sic
743 2384 777 2474 in
804 2404 844 2446 eo
869 2404 988 2467 genere
1007 2405 1118 2450 versa·

167 2492 298 2558 tuaest,
319 2500 384 2544 non
414 2490 450 2542 nt
474 2479 693 2565 requiescendi
720 2477 893 2543 lectoribus
914 2483 1117 2548 occasionem

166 2576 343 2664 praeheret,
364 2576 421 2640 sed
439 2588 475 2640 ut
498 2597 605 2639 errare
627 2578 729 2641 oratio
750 2574 909 2640 videretur
928 2592 961 2645 et
977 2580 1012 2642 in
1030 2582 1118 2646 viarn

168 2695 265 2760 aegre
281 2674 409 2738 rediret.
452 2671 544 2737 Theo
563 2672 734 2758 Progymu.
761 2698 792 2761 p.
814 2674 866 2740 33.
886 2674 976 2741 Cam.
1003 2698 1118 2760 παραι-

169 2769 275 2851 τητέον
291 2766 324 2833 δὲ
337 2766 392 2831 καὶ
407 2767 444 2831 τὸ
463 2764 656 2852 ιιαρικβάοιις
670 2767 908 2856 serpentinam
922 2771 1031 2852 μεταξὺ
1052 2771 1118 2854 διη-

167 2863 279 2948 γήσεως
298 2859 421 2948 μακράς.
466 2863 509 2928 Οὐ
527 2864 586 2945 γὰρ
607 2862 712 2939 ἁπλῶς
734 2867 789 2950 χρὴ
808 2877 1033 2952 παραιτεῖσθαι,
1060 2893 1117 2934 κα-

169 2959 306 3048 canipe
329 2960 482 3037 Φίλιστος·
499 2963 531 3048 ⁴)
557 2960 714 3048 (ἀναπαύει
740 2965 799 3051 γὰρ
824 2963 1118 3047 circummortua

170 3056 341 3146 ἀκροατῶν)
360 3056 442 3124 ἀλλὰ
469 3059 523 3141 τὴν
543 3053 717 3142 τηλικαύτην
740 3059 777 3125 τὸ
803 3067 908 3145 μῆκος,
927 3061 991 3144 ἥτις
1015 3061 1117 3127 ἀπαλ-

238 3281 271 3353 ¹)·
287 3283 440 3356 Dionysius
459 3284 548 3363 Epist.
564 3286 599 3338 ad
615 3285 709 3357 Pomp.
728 3302 755 3358 p.
769 3287 832 3343 78⁷.
848 3285 902 3344 ion
919 3287 949 3345 δι’
967 3286 986 3344 ἃ
1001 3287 1049 3345 καὶ
1064 3312 1118 3346 τια-

170 3359 204 3418 to't
221 3361 268 3419 τὸν
280 3361 469 3438 πραγματικὸν
486 3363 571 3420 τόπον
581 3363 731 3440 ἁμαρτάνει
748 3368 796 3424 sol
808 3369 925 3440 μα’λιαια
944 3370 1036 3426 κατὰ
1052 3371 1119 3438 τοὶς

171 3441 390 3518 παραβολάς.
430 3445 610 3520 Scribeudum
629 3450 738 3505 vitietur
756 3469 782 3503 ιι.
802 3469 828 3505 τ.
847 3450 1086 3524 παραβολάς.

239 3543 266 3609 ²)
284 3546 400 3602 Photius
424 3549 459 3601 Τ.
477 3549 497 3602 l.
522 3565 549 3617 p.
569 3548 633 3614 121,
653 3549 698 3629 35.
733 3553 850 3621 Dionys.
876 3553 910 3607 tle
938 3562 994 3610 ret.
1020 3559 1117 3628 script.

174 3630 280 3682 censor.
297 3628 344 3693 lll,
363 3627 389 3683 3.
426 3629 488 3682 Vol.
505 3631 538 3684 V.
554 3648 582 3701 p.
599 3633 664 3688 429.

239 3727 269 3794 3)
288 3730 350 3799 lpse
366 3727 481 3802 ἐκβολὴν
496 3725 581 3805 λόγου
595 3734 686 3803 locut,
704 3706 728 3798 l,
746 3734 791 3789 ct.
804 3684 853 3789 uhi
871 3737 906 3791 ci.
926 3737 1048 3792 Goeller.

240 3832 273 3911 4),Ι
290 3831 333 3887 cf.
352 3832 473 3914 Goeller.
492 3836 526 3892 de
544 3835 653 3891 Philirt.
677 3850 703 3906 p.
723 3833 787 3909 133.
807 3835 869 3897 139.
