2534 4658
523 367 730 426 ...20-

157 535 268 600 liscum
288 527 460 606 Milesium,
489 532 578 594 cuius
602 530 774 618 discipulus
803 530 864 598 tun
886 531 1056 608 Timaeum
1073 537 1106 613 Ι)
1133 569 1135 572 <

158 629 391 704 Metrodorum,
425 647 488 713 quo
524 639 727 713 praeceptore
762 646 840 695 usus
876 649 949 693 esse
989 630 1106 695 dicitur

40 723 47 732 “
158 726 348 792 Theocritus
370 721 478 788 Chius.
496 725 528 802 ²)
568 719 663 799 Multi
683 727 777 790 etiam
798 748 919 804 eorum,
940 727 994 813 qui
1012 748 1107 812 prae·

158 826 267 910 cipuas
288 822 322 884 in
338 804 749 905 republicaAtheniensirun
768 822 1013 887 administranda
1032 844 1107 908 par·

160 935 207 987 tes
234 919 465 992 sustinuerunt,
499 936 542 978 ex
564 911 713 981 Isocratis
741 918 908 1007 disciplina
934 918 1135 1005 perfectam·

87 1097 90 1102 ι
159 1015 314 1104 qnondam
335 1010 532 1098 eloquentiae
553 1010 685 1076 formam
699 1013 889 1091 retuderunt3
918 1036 1028 1079 omnes
1048 1016 1106 1080 de·

159 1116 273 1199 nique,
304 1113 357 1197 qui
375 1108 507 1173 dicendo
535 1130 664 1194 operam
684 1110 811 1189 darent,
835 1113 969 1198 repertis
987 1109 1027 1175 ab
1048 1111 1106 1176 illo

159 1208 314 1274 uberioris
343 1207 620 1292 exquisitiorisque
647 1209 799 1271 orationis
827 1207 994 1295 praesidiis
1021 1212 1107 1272 aucti

158 1317 241 1370 sunt.
283 1299 321 1365 ln
342 1298 403 1367 hoc
432 1307 563 1365 numero
592 1315 796 1367 recensentur
816 1302 945 1380 Isaeus,
965 1303 1106 1391 Hyperi·

162 1402 229 1478 des,
244 1397 275 1482 ³)
297 1397 492 1472 Leodamas3
504 1401 540 1469 ⁴)
558 1395 807 1463 Demosthenem
820 1421 945 1486 quoque
959 1400 1043 1466 illius
1054 1405 1122 1466 in.

144 1499 352 1590 ,stitutionem
381 1496 571 1581 appetivisse
601 1507 744 1572 nument,
770 1496 827 1559 sed
851 1496 1033 1561 deterritum
1054 1501 1108 1563 in'·

158 1596 246 1681 genti
266 1593 368 1678 pretio
389 1593 430 1655 ad
448 1589 573 1654 Isaerun
598 1612 634 1653 se
654 1589 835 1654 contulisse.
853 1589 882 1676 ³)

242 1688 307 1753 Sed
327 1686 361 1784 hi
381 1689 525 1775 quidem,
553 1708 740 1773 quamquam
766 1687 806 1750 ad
826 1709 934 1753 veram
954 1687 1107 1776 eloquen-

101 1823 103 1826 <
159 1791 222 1851 tiae
242 1775 379 1871 speciem
401 1797 433 1848 et
452 1785 544 1871 qnasi
561 1781 697 1866 figuram
715 1780 755 1847 ab
772 1780 911 1848 Isocrate
934 1785 1036 1864 ducti,
1056 1800 1106 1853 ta-

159 1906 232 1950 men
251 1884 346 1944 etiam
362 1881 455 1945 domo
482 1878 601 1964 aliquid
625 1876 812 1954 attulerunt,
842 1900 976 1960 nervos,
999 1897 1034 1946 ut
1057 1887 1106 1974 ita

159 1982 278 2054 dicam,
298 1991 330 2041 et
345 1975 480 2040 lacertos
495 1976 665 2052 orationis,
686 1975 870 2060 dicendique
893 1980 1040 2044 virtutem
1060 2003 1117 2047 ex·

160 2075 288 2142 scholae
307 2071 496 2136 umbraculis
515 2074 550 2136 in
568 2071 672 2136 lucem
690 2072 873 2156 forumque,
892 2085 1050 2163 tamquam
1069 2081 1105 2143 iu

160 2176 281 2251 aciem,
315 2167 512 2256 protulerunt
542 2179 636 2253 atque
672 2165 712 2231 ab
741 2169 799 2231 otii
830 2167 1038 2237 delectatione
1063 2175 1107 2239 ad

117 2333 119 2337 ,
158 2268 349 2358 reipublicae
367 2264 532 2328 utilitatem
547 2264 765 2328 traduxerunt.
806 2263 924 2328 Eorum
944 2287 1032 2345 vero,
1050 2272 1106 2356 qui

158 2388 247 2433 more
275 2365 480 2445 institutoque
499 2362 642 2445 magistri
663 2360 785 2423 doctam
807 2361 961 2477 quandam
981 2367 1106 2452 copiam

57 2492 63 2504 ’
160 2459 398 2550 elegantemque
418 2455 603 2532 ubertatem,
622 2476 702 2541 quae
724 2456 869 2521 deliniret
887 2461 1020 2538 animos,
1038 2483 1104 2526 non

158 2558 351 2647 percelleret,
370 2555 589 2690 sequutisunt,
608 2550 703 2637 longe
716 2552 906 2617 clarissimus
924 2553 1105 2622 luit'l'heo·

134 2656 136 2661 ’
159 2676 294 2743 pompus
312 2651 422 2716 Chius.
441 2649 471 2732 θ’)
521 2645 620 2712 Cuius
642 2650 793 2713 acerrimo
814 2651 944 2736 ingenio
964 2652 1104 2738 prudens

228 2898 253 2960 1)
274 2897 351 2951 Suid.
373 2913 400 2949 v.
425 2895 546 2965 Ίιμαιος,
570 2895 692 2965 Hesych.
716 2883 806 2953 Miles.
829 2916 856 2969 p.
873 2900 918 2955 st.
936 2902 1021 2956 orell.
1058 2903 1102 2957 De

158 2978 212 3033 hoc
228 2977 349 3031 Philisco
366 2978 482 3046 aliisque
498 2977 621 3029 eiusdem
637 2979 755 3032 nominis
772 2982 878 3033 erudite
896 2982 1048 3050 disputarit
1056 2985 1103 3037 Fr.

159 3060 279 3114 Goeller.
306 3059 339 3111 de
360 3056 429 3110 Phil.
453 3073 480 3126 p.
500 3055 555 3111 108
574 3074 633 3126 sqq.
666 3059 709 3111 De
726 3057 832 3113 Philico
857 3062 1012 3131 Corcyraeo
1032 3064 1103 3119 adde

157 3141 292 3196 Naelrium
306 3138 407 3192 Sched.
427 3139 493 3192 crit.
511 3153 537 3206 p.
557 3135 601 3189 18.

223 3239 252 3305 2)
271 3239 347 3293 Suid.
365 3255 389 3309 s.
402 3255 428 3292 s.
453 3235 603 3310 θεόκριτος.

222 3337 250 3405 3)
269 3332 385 3393 Photius
405 3339 438 3392 T.
452 3338 491 3391 ll:
504 3354 533 3414 p.
549 3339 616 3394 487.
637 3339 704 3394 492.
720 3339 786 3394 495.
804 3341 892 3396 Beklr.

143 3499 153 3519 ο
221 3441 249 3504 4)
270 3441 314 3494 De
335 3455 390 3510 quo
408 3441 521 3509 egregie
539 3440 718 3495 Ruhnkenius
736 3443 756 3495 1.
775 3457 799 3496 c.
819 3458 847 3511 p.
867 3440 922 3496 143
940 3458 998 3513 seq.

220 3541 248 3605 ⁵)
267 3540 390 3596 Plutach.
414 3541 558 3596 Demosth.
579 3557 603 3596 c.
621 3541 648 3595 ὅ.
671 3556 699 3610 p.
715 3539 780 3596 ⁸48.
803 3543 876 3597 Frcf.
897 3543 953 3598 vit.
969 3546 1004 3598 X.
1023 3547 1102 3603 Orat.

153 3640 181 3692 p.
196 3620 262 3678 238.
279 3623 358 3676 riute

219 3721 247 3788 0)
262 3719 489 3792 Ἐπιφανέστατος
500 3717 607 3776 πάντων
622 3715 794 3794 ’Ῑσοκρότους
808 3725 949 3797 μαθητῶν.
980 3727 1101 3798 Dionys.

152 3804 241 3875 Epist.
258 3805 294 3860 ad
314 3803 409 3872 Pomp.
427 3819 451 3858 c.
466 3803 493 3858 6.
509 3803 572 3858 Vol.
588 3803 634 3858 Vl.
650 3801 754 3872 pisa
771 3805 807 3860 ei.
826 3806 906 3862 Phot.
922 3823 950 3877 p.
961 3806 1025 3872 121,
1037 3809 1083 3866 15.
