2534 4658
527 367 735 429 ...11-

160 553 300 626 tempora
319 537 463 622 attigisse
485 534 671 600 testimoniis
699 544 841 598 veterum
870 534 1022 616 evicerit,
1045 557 1105 603 sno

158 639 228 701 iure
250 631 541 719 Scaligeraua-illa:
575 624 755 712 Θεόπομπος
776 627 795 692 ὁ
815 635 897 705 Χῖος
917 632 1106 718 συγγραφεὺς

158 730 348 813 ἐπορίζετο,
379 750 458 817 quae
486 727 613 814 Olymp.
637 724 756 806 xcffl,
778 728 807 792 1.
832 727 989 816 adscripta
1021 743 1106 810 suut,

160 828 200 892 ad
221 825 440 912 Olympiadem
460 823 533 893 CX.
555 824 717 888 transferri
736 823 884 910 postulet.

243 920 309 985 Sed
337 925 481 1010 equidem
505 924 604 987 miror
629 920 846 1008 Jonsiiffliri.
862 921 1105 1008 diligentissimi,

159 1017 318 1083 silentium
336 1018 376 1083 de
395 1018 468 1084 loco
490 1018 613 1097 Photii,
637 1019 707 1105 qui,
732 1020 993 1103 quemadmodum
1009 1022 1106 1086 etiam

159 1117 357 1200 superstitem
382 1113 568 1180 Alexandro
594 1113 696 1178 luisse
717 1115 928 1204 demonstrat,
953 1118 1000 1181 ita
1025 1118 1105 1183 milri

152 1212 284 1297 quidem
307 1213 404 1276 etium
429 1213 564 1276 certiora
590 1209 744 1298 quaedam
771 1210 812 1274 de
837 1233 922 1276 anno
949 1213 1020 1276 eius
1047 1234 1104 1277 na·

158 1307 213 1370 tali
247 1308 367 1372 indicia
404 1310 566 1374 continere
604 1306 743 1372 videtur.
800 1306 967 1393 Appouarn
1005 1308 1105 1376 verba

155 1402 278 1468 Photii:

231 1499 322 1564 Ἔστι
346 1495 380 1563 δὲ
408 1497 588 1584 Θεόπομπος
611 1503 694 1574 Χῖος
717 1494 770 1581 μὲν
792 1496 831 1562 τὸ
845 1541 847 1545 ,
860 1497 954 1580 γένος,
978 1495 1045 1569 vids
1070 1499 1104 1567 δὲ

157 1593 390 1680 Δαμοστράτου.
424 1600 534 1676 ‘lamia
554 1594 587 1662 δὲ
607 1594 723 1674 λέγεται
740 1598 793 1676 τῆς
811 1593 957 1676 πατρίδος
977 1594 1041 1680 ἅμα
1058 1605 1104 1681 τῷ

155 1694 262 1777 πατρὶ,
287 1693 338 1758 art
356 1695 547 1778 Λακωνισμῷ
563 1699 621 1759 τοῦ
638 1690 754 1777 πατρὸς
774 1687 917 1766 ἁλόντος·
937 1691 1104 1778 ἀνασωθῆ-

156 1814 206 1856 ναι
226 1789 260 1854 δὲ
277 1795 317 1886 τῇ
335 1789 457 1877 πατρίδι
474 1787 702 1874 τελευτήσαντος
726 1786 812 1870 αὐτῷ
828 1793 886 1852 τοῦ
901 1786 1029 1873 πατρός,
1048 1792 1103 1874 τὴν

158 1885 192 1952 δὲ
219 1885 358 1952 κάθοδον
383 1885 580 1973 Ἀλεξάνδρου
610 1891 668 1951 τοῦ
691 1882 835 1970 βασιλέως
868 1882 910 1947 δι’
933 1886 1103 1953 ἐπιστολῶν

156 1990 218 2050 τῶν
232 1984 311 2074 πρὸς
330 1986 429 2050 Χίους
448 1981 722 2066 καταπραξαμένου.
759 1978 860 2046 'Eccos
880 1978 914 2046 δὲ
938 1977 1012 2050 εἶναι
1032 1982 1102 2050 τότε

155 2080 210 2146 τὸν
229 2077 410 2164 Θεόπομπον
427 2076 448 2144 ε’
467 2079 519 2143 καὶ
537 2077 582 2163 μ’.

237 2178 329 2245 Haeo
347 2177 411 2242 ille.
453 2174 576 2254 Quodsi
589 2173 792 2265 probabiliter
802 2174 1011 2244 demonstrari
1025 2199 1101 2266 pos„

156 2275 209 2352 sit,
230 2275 355 2361 quando
374 2273 552 2340 Alexandri
571 2276 756 2339 auctoritate
781 2276 914 2359 patriam
934 2297 1100 2361 recupera·

156 2367 249 2449 verit,
269 2371 416 2435 detractis
434 2367 531 2434 XLV
551 2373 653 2447 annis,
673 2368 705 2433 lr.
726 2391 756 2433 e.
774 2370 920 2435 undecim
938 2360 1101 2459 Olympia·

158 2466 250 2532 dibus
269 2481 302 2533 et
322 2465 455 2552 amplius
474 2488 539 2530 uno
560 2487 655 2542 anno,
685 2463 817 2530 habebis
836 2466 972 2531 natalem
993 2466 1101 2534 Theo·

157 2563 275 2648 pompi.
315 2558 400 2629 Nam
426 2563 466 2628 de
488 2565 566 2628 uitio
589 2565 624 2629 in
642 2559 748 2627 Photii
766 2559 872 2626 verbis
890 2583 946 2628 cur
961 2567 1101 2652 suspica-

157 2672 244 2724 retur
262 2655 410 2723 Msrkius
431 2660 472 2724 ad
490 2658 608 2746 Ephor.
629 2678 662 2743 p.
684 2657 733 2722 19.
754 2673 831 2734 uon,
851 2656 930 2723 nibil
945 2681 1025 2726 sane
1045 2663 1103 2729 ha·

158 2754 239 2831 buit,
257 2757 320 2817 uisi
341 2756 425 2843 quod
450 2776 652 2820 numerorum
671 2753 755 2841 apud
775 2753 906 2819 Suidam
930 2758 964 2821 in
982 2758 1102 2847 Ephori

157 2865 190 2917 et
201 2848 401 2939 Theopompi
420 2866 522 2917 aetate
542 2852 738 2940 designanda
757 2870 914 2916 consensu
931 2866 1035 2920 motus
1054 2860 1103 2921 vi·

158 2949 260 3015 detur.
310 2947 372 3015 Cui
393 2950 537 3037 equidem
557 2971 597 3015 eo
615 2953 724 3015 minus.
739 2944 938 3014 tribuendum
957 2949 1102 3032 arbitror,

158 3045 243 3133 quod
268 3065 307 3109 ea
334 3067 429 3133 spero
454 3067 498 3111 ex
527 3048 685 3113 communi
711 3042 866 3111 Graeciae
895 3044 1029 3114 historia
1049 3070 1101 3116 me

157 3142 335 3220 allaturum,
362 3141 475 3230 quibus
502 3141 608 3208 Photii
632 3143 773 3207 rationes
795 3141 890 3228 plane
912 3141 1101 3209 confirmen-

159 3253 219 3304 tur.
262 3237 394 3304 Constat
422 3240 518 3326 igitur
546 3237 775 3316 Alexandrum,
800 3261 896 3327 quum
923 3261 977 3306 res
1001 3239 1102 3307 Grue-

159 3339 228 3401 ciae
254 3333 375 3400 turbari
410 3337 632 3421 comperisset,
664 3338 770 3401 missis
793 3335 924 3413 litteris,
958 3358 1039 3424 quae
1065 3343 1101 3404 in

157 3431 376 3516 Olympiorum
410 3431 591 3497 celebritate
622 3428 747 3515 Olymp.
777 3427 896 3509 CXIV,
919 3431 948 3497 l.
974 3430 1047 3498 324.
1070 3459 1100 3500 a.

159 3528 235 3593 chr.
254 3549 285 3592 n.
307 3531 525 3607 recitarentur,
550 3530 722 3613 imperasse
749 3539 785 3591 ut
807 3526 936 3593 exsules
961 3533 1100 3595 omnium

160 3625 352 3692 Graecarum
365 3629 527 3692 civitatum
542 3621 626 3711 (plus
643 3625 756 3709 uiginti
773 3622 910 3690 millibus
926 3623 1100 3710 bominum)

149 3725 411 3802 restituerentur,
442 3720 535 3808 idque
566 3723 729 3807 negotium
758 3720 925 3808 Antipatro
953 3723 1100 3791 mandas·
