<?xml version="1.0" encoding="UTF-8"?>
<!DOCTYPE html PUBLIC "-//W3C//DTD XHTML 1.0 Transitional//EN"
    "http://www.w3.org/TR/xhtml1/DTD/xhtml1-transitional.dtd">
<html xmlns="http://www.w3.org/1999/xhtml" xml:lang="en" lang="en">
 <head>
  <title>
</title>
<meta http-equiv="Content-Type" content="text/html;charset=utf-8" />
  <meta name='ocr-system' content='tesseract 3.04.00' />
  <meta name='ocr-capabilities' content='ocr_page ocr_carea ocr_par ocr_line ocrx_word'/>
</head>
<body>
  <div class='ocr_page' id='page_1' title='image "./detheopompichii00pflugoog_0053.png"; bbox 0 0 2534 4658; ppageno 0'>
   <div class='ocr_carea' id='block_1_1' title="bbox 607 393 818 462">
    <p class='ocr_par' dir='ltr' id='par_1_1' title="bbox 607 393 818 462">
     <span class='ocr_line' id='line_1_1' title="bbox 607 393 818 462; baseline -0.052 0"><span class='ocrx_word' id='word_1_1' title='bbox 607 393 818 462; x_wconf 80' lang='lat' dir='ltr'><strong>-3t...</strong></span> 
     </span>
    </p>
   </div>
   <div class='ocr_carea' id='block_1_2' title="bbox 237 563 1193 1898">
    <p class='ocr_par' dir='ltr' id='par_1_2' title="bbox 237 563 1193 1898">
     <span class='ocr_line' id='line_1_2' title="bbox 242 563 1193 652; baseline 0.005 -19"><span class='ocrx_word' id='word_1_2' title='bbox 242 569 380 633; x_wconf 80' lang='lat' dir='ltr'><strong>amititia</strong></span> <span class='ocrx_word' id='word_1_3' title='bbox 405 577 437 630; x_wconf 88' lang='lat' dir='ltr'><strong>et</strong></span> <span class='ocrx_word' id='word_1_4' title='bbox 461 563 641 651; x_wconf 72' lang='lat' dir='ltr'><strong>reddiderat</strong></span> <span class='ocrx_word' id='word_1_5' title='bbox 665 568 788 652; x_wconf 77' lang='lat' dir='ltr'><strong>patriae</strong></span> <span class='ocrx_word' id='word_1_6' title='bbox 820 577 853 630; x_wconf 90' lang='lat' dir='ltr'><strong>et</strong></span> <span class='ocrx_word' id='word_1_7' title='bbox 881 580 992 632; x_wconf 80' lang='lat' dir='ltr'><strong>comm</strong></span> <span class='ocrx_word' id='word_1_8' title='bbox 1018 568 1193 638; x_wconf 79' lang='lat' dir='ltr'><strong>malevolo-</strong></span> 
     </span>
     <span class='ocr_line' id='line_1_3' title="bbox 241 660 1192 751; baseline 0.005 -21"><span class='ocrx_word' id='word_1_9' title='bbox 241 687 311 731; x_wconf 88' lang='lat' dir='ltr'><strong>rum</strong></span> <span class='ocrx_word' id='word_1_10' title='bbox 327 668 477 751; x_wconf 89' lang='lat' dir='ltr'><strong>impetum</strong></span> <span class='ocrx_word' id='word_1_11' title='bbox 497 660 698 746; x_wconf 86' lang='lat' dir='ltr'><strong>defenderat,</strong></span> <span class='ocrx_word' id='word_1_12' title='bbox 730 685 826 750; x_wconf 84' lang='lat' dir='ltr'><strong>quum</strong></span> <span class='ocrx_word' id='word_1_13' title='bbox 854 665 992 751; x_wconf 87' lang='lat' dir='ltr'><strong>undique</strong></span> <span class='ocrx_word' id='word_1_14' title='bbox 1019 669 1139 734; x_wconf 83' lang='lat' dir='ltr'><strong>eiectus</strong></span> <span class='ocrx_word' id='word_1_15' title='bbox 1156 673 1192 735; x_wconf 88' lang='lat' dir='ltr'><strong>in</strong></span> 
     </span>
     <span class='ocr_line' id='line_1_4' title="bbox 240 759 1192 851; baseline 0.006 -24"><span class='ocrx_word' id='word_1_16' title='bbox 240 763 421 849; x_wconf 83' lang='lat' dir='ltr'><strong>Aegyptum</strong></span> <span class='ocrx_word' id='word_1_17' title='bbox 440 761 582 839; x_wconf 87' lang='lat' dir='ltr'><strong>veniret,</strong></span> <span class='ocrx_word' id='word_1_18' title='bbox 607 778 673 823; x_wconf 87' lang='lat' dir='ltr'><strong>uon</strong></span> <span class='ocrx_word' id='word_1_19' title='bbox 692 759 823 826; x_wconf 89' lang='lat' dir='ltr'><strong>multum</strong></span> <span class='ocrx_word' id='word_1_20' title='bbox 852 761 972 841; x_wconf 79' lang='lat' dir='ltr'><strong>abfuit,</strong></span> <span class='ocrx_word' id='word_1_21' title='bbox 1005 767 1081 851; x_wconf 87' lang='lat' dir='ltr'><strong>quis</strong></span> <span class='ocrx_word' id='word_1_22' title='bbox 1100 769 1192 832; x_wconf 81' lang='lat' dir='ltr'><strong>iussu</strong></span> 
     </span>
     <span class='ocr_line' id='line_1_5' title="bbox 241 855 1193 940; baseline 0.005 -16"><span class='ocrx_word' id='word_1_23' title='bbox 241 859 429 935; x_wconf 82' lang='lat' dir='ltr'><strong>Ptolemaei,</strong></span> <span class='ocrx_word' id='word_1_24' title='bbox 463 856 585 922; x_wconf 82' lang='lat' dir='ltr'><strong>Soteris</strong></span> <span class='ocrx_word' id='word_1_25' title='bbox 614 869 711 940; x_wconf 86' lang='lat' dir='ltr'><strong>puto,</strong></span> <span class='ocrx_word' id='word_1_26' title='bbox 752 870 787 921; x_wconf 91' lang='lat' dir='ltr'><strong>ut</strong></span> <span class='ocrx_word' id='word_1_27' title='bbox 814 855 909 922; x_wconf 90' lang='lat' dir='ltr'><strong>homo</strong></span> <span class='ocrx_word' id='word_1_28' title='bbox 936 857 1019 923; x_wconf 87' lang='lat' dir='ltr'><strong>maie</strong></span> <span class='ocrx_word' id='word_1_29' title='bbox 1045 865 1193 929; x_wconf 81' lang='lat' dir='ltr'><strong>curiosus</strong></span> 
     </span>
     <span class='ocr_line' id='line_1_6' title="bbox 241 953 1192 1041; baseline 0.003 -19"><span class='ocrx_word' id='word_1_30' title='bbox 241 970 275 1023; x_wconf 90' lang='lat' dir='ltr'><strong>et</strong></span> <span class='ocrx_word' id='word_1_31' title='bbox 295 975 447 1020; x_wconf 80' lang='lat' dir='ltr'><strong>novarum</strong></span> <span class='ocrx_word' id='word_1_32' title='bbox 467 976 573 1020; x_wconf 89' lang='lat' dir='ltr'><strong>rerum</strong></span> <span class='ocrx_word' id='word_1_33' title='bbox 596 955 727 1041; x_wconf 80' lang='lat' dir='ltr'><strong>cupidus</strong></span> <span class='ocrx_word' id='word_1_34' title='bbox 749 953 988 1020; x_wconf 78' lang='lat' dir='ltr'><strong>interficeretur.</strong></span> <span class='ocrx_word' id='word_1_35' title='bbox 1037 956 1103 1022; x_wconf 83' lang='lat' dir='ltr'><strong>Sed</strong></span> <span class='ocrx_word' id='word_1_36' title='bbox 1123 972 1192 1025; x_wconf 84' lang='lat' dir='ltr'><strong>tum</strong></span> 
     </span>
     <span class='ocr_line' id='line_1_7' title="bbox 241 1050 1193 1142; baseline 0 -23"><span class='ocrx_word' id='word_1_37' title='bbox 241 1053 366 1142; x_wconf 87' lang='lat' dir='ltr'><strong>quidem</strong></span> <span class='ocrx_word' id='word_1_38' title='bbox 395 1053 504 1117; x_wconf 83' lang='lat' dir='ltr'><strong>amicis</strong></span> <span class='ocrx_word' id='word_1_39' title='bbox 535 1050 724 1140; x_wconf 84' lang='lat' dir='ltr'><strong>quibusdam</strong></span> <span class='ocrx_word' id='word_1_40' title='bbox 756 1052 998 1138; x_wconf 76' lang='lat' dir='ltr'><strong>deprecantibus</strong></span> <span class='ocrx_word' id='word_1_41' title='bbox 1030 1057 1141 1119; x_wconf 83' lang='lat' dir='ltr'><strong>evasit.</strong></span> <span class='ocrx_word' id='word_1_42' title='bbox 1161 1061 1193 1138; x_wconf 85' lang='lat'><strong>¹)</strong></span> 
     </span>
     <span class='ocr_line' id='line_1_8' title="bbox 240 1148 1193 1237; baseline 0.003 -22"><span class='ocrx_word' id='word_1_43' title='bbox 240 1151 339 1215; x_wconf 86' lang='lat' dir='ltr'><strong>Iidem</strong></span> <span class='ocrx_word' id='word_1_44' title='bbox 356 1171 434 1213; x_wconf 90' lang='lat' dir='ltr'><strong>vero</strong></span> <span class='ocrx_word' id='word_1_45' title='bbox 455 1149 548 1213; x_wconf 84' lang='lat' dir='ltr'><strong>mnioi</strong></span> <span class='ocrx_word' id='word_1_46' title='bbox 567 1161 672 1213; x_wconf 74' lang='lat' dir='ltr'><strong>uuum</strong></span> <span class='ocrx_word' id='word_1_47' title='bbox 690 1151 816 1213; x_wconf 81' lang='lat' dir='ltr'><strong>veniam</strong></span> <span class='ocrx_word' id='word_1_48' title='bbox 836 1148 883 1213; x_wconf 88' lang='lat' dir='ltr'><strong>illi</strong></span> <span class='ocrx_word' id='word_1_49' title='bbox 900 1153 935 1214; x_wconf 89' lang='lat' dir='ltr'><strong>in</strong></span> <span class='ocrx_word' id='word_1_50' title='bbox 952 1150 1101 1237; x_wconf 84' lang='lat' dir='ltr'><strong>Aegypto</strong></span> <span class='ocrx_word' id='word_1_51' title='bbox 1122 1176 1193 1218; x_wconf 87' lang='lat' dir='ltr'><strong>ma·</strong></span> 
     </span>
     <span class='ocr_line' id='line_1_9' title="bbox 239 1240 1190 1333; baseline 0.003 -21"><span class='ocrx_word' id='word_1_52' title='bbox 239 1248 335 1312; x_wconf 86' lang='lat' dir='ltr'><strong>nendi</strong></span> <span class='ocrx_word' id='word_1_53' title='bbox 360 1246 606 1333; x_wconf 85' lang='lat' dir='ltr'><strong>impetraverint,</strong></span> <span class='ocrx_word' id='word_1_54' title='bbox 634 1240 676 1309; x_wconf 80' lang='lat' dir='ltr'><strong>ao</strong></span> <span class='ocrx_word' id='word_1_55' title='bbox 705 1244 769 1309; x_wconf 87' lang='lat' dir='ltr'><strong>ulio</strong></span> <span class='ocrx_word' id='word_1_56' title='bbox 792 1246 954 1312; x_wconf 78' lang='lat' dir='ltr'><strong>discedere</strong></span> <span class='ocrx_word' id='word_1_57' title='bbox 980 1263 1109 1314; x_wconf 85' lang='lat' dir='ltr'><strong>coactus</strong></span> <span class='ocrx_word' id='word_1_58' title='bbox 1136 1255 1190 1330; x_wconf 92' lang='lat' dir='ltr'><strong>sit,</strong></span> 
     </span>
     <span class='ocr_line' id='line_1_10' title="bbox 238 1340 1190 1430; baseline 0.003 -20"><span class='ocrx_word' id='word_1_59' title='bbox 238 1367 303 1411; x_wconf 88' lang='lat' dir='ltr'><strong>non</strong></span> <span class='ocrx_word' id='word_1_60' title='bbox 320 1345 444 1430; x_wconf 85' lang='lat' dir='ltr'><strong>reperio</strong></span> <span class='ocrx_word' id='word_1_61' title='bbox 466 1365 486 1408; x_wconf 92' lang='lat' dir='ltr'><strong>a</strong></span> <span class='ocrx_word' id='word_1_62' title='bbox 506 1340 667 1407; x_wconf 87' lang='lat' dir='ltr'><strong>veteribus</strong></span> <span class='ocrx_word' id='word_1_63' title='bbox 686 1343 845 1428; x_wconf 88' lang='lat' dir='ltr'><strong>proditum</strong></span> <span class='ocrx_word' id='word_1_64' title='bbox 865 1348 1048 1411; x_wconf 85' lang='lat' dir='ltr'><strong>memoriae.</strong></span> <span class='ocrx_word' id='word_1_65' title='bbox 1092 1346 1190 1414; x_wconf 85' lang='lat' dir='ltr'><strong>Certa</strong></span> 
     </span>
     <span class='ocr_line' id='line_1_11' title="bbox 238 1442 1190 1542; baseline 0.004 -36"><span class='ocrx_word' id='word_1_66' title='bbox 238 1464 304 1507; x_wconf 87' lang='lat' dir='ltr'><strong>nou</strong></span> <span class='ocrx_word' id='word_1_67' title='bbox 329 1462 446 1528; x_wconf 75' lang='lat' dir='ltr'><strong>magno</strong></span> <span class='ocrx_word' id='word_1_68' title='bbox 472 1442 623 1527; x_wconf 87' lang='lat' dir='ltr'><strong>temporis</strong></span> <span class='ocrx_word' id='word_1_69' title='bbox 651 1443 754 1526; x_wconf 86' lang='lat' dir='ltr'><strong>spatio</strong></span> <span class='ocrx_word' id='word_1_70' title='bbox 780 1445 981 1526; x_wconf 76' lang='lat' dir='ltr'><strong>superstitem</strong></span> <span class='ocrx_word' id='word_1_71' title='bbox 1001 1443 1190 1542; x_wconf 74' lang='lat' dir='ltr'><strong>Alexandro</strong></span> 
     </span>
     <span class='ocr_line' id='line_1_12' title="bbox 237 1535 1189 1628; baseline 0.002 -24"><span class='ocrx_word' id='word_1_72' title='bbox 237 1541 336 1604; x_wconf 85' lang='lat' dir='ltr'><strong>fuisse</strong></span> <span class='ocrx_word' id='word_1_73' title='bbox 356 1538 527 1603; x_wconf 83' lang='lat' dir='ltr'><strong>verisimile</strong></span> <span class='ocrx_word' id='word_1_74' title='bbox 548 1551 611 1602; x_wconf 86' lang='lat' dir='ltr'><strong>est:</strong></span> <span class='ocrx_word' id='word_1_75' title='bbox 638 1559 712 1601; x_wconf 91' lang='lat' dir='ltr'><strong>nam</strong></span> <span class='ocrx_word' id='word_1_76' title='bbox 729 1535 860 1608; x_wconf 83' lang='lat' dir='ltr'><strong>Marxio</strong></span> <span class='ocrx_word' id='word_1_77' title='bbox 880 1539 934 1623; x_wconf 90' lang='lat' dir='ltr'><strong>(ad</strong></span> <span class='ocrx_word' id='word_1_78' title='bbox 946 1538 1064 1627; x_wconf 88' lang='lat' dir='ltr'><strong>Ephor.</strong></span> <span class='ocrx_word' id='word_1_79' title='bbox 1077 1563 1109 1628; x_wconf 89' lang='lat' dir='ltr'><strong>p.</strong></span> <span class='ocrx_word' id='word_1_80' title='bbox 1122 1543 1189 1627; x_wconf 81' lang='lat'><strong>23.)</strong></span> 
     </span>
     <span class='ocr_line' id='line_1_13' title="bbox 237 1635 1190 1726; baseline 0.002 -24"><span class='ocrx_word' id='word_1_81' title='bbox 237 1640 375 1702; x_wconf 81' lang='lat' dir='ltr'><strong>vix&#39;iam</strong></span> <span class='ocrx_word' id='word_1_82' title='bbox 395 1647 471 1721; x_wconf 91' lang='lat' dir='ltr'><strong>puto</strong></span> <span class='ocrx_word' id='word_1_83' title='bbox 490 1656 676 1722; x_wconf 87' lang='lat' dir='ltr'><strong>quemquam</strong></span> <span class='ocrx_word' id='word_1_84' title='bbox 697 1635 915 1714; x_wconf 87' lang='lat' dir='ltr'><strong>adsensurum,</strong></span> <span class='ocrx_word' id='word_1_85' title='bbox 937 1641 991 1726; x_wconf 90' lang='lat' dir='ltr'><strong>qui</strong></span> <span class='ocrx_word' id='word_1_86' title='bbox 1005 1636 1190 1726; x_wconf 81' lang='lat' dir='ltr'><strong>Theopom-</strong></span> 
     </span>
     <span class='ocr_line' id='line_1_14' title="bbox 237 1730 1188 1822; baseline 0.001 -22"><span class='ocrx_word' id='word_1_87' title='bbox 237 1757 312 1822; x_wconf 85' lang='lat' dir='ltr'><strong>pum</strong></span> <span class='ocrx_word' id='word_1_88' title='bbox 331 1748 386 1799; x_wconf 90' lang='lat' dir='ltr'><strong>aut</strong></span> <span class='ocrx_word' id='word_1_89' title='bbox 408 1734 592 1819; x_wconf 84' lang='lat' dir='ltr'><strong>aequauisse</strong></span> <span class='ocrx_word' id='word_1_90' title='bbox 616 1730 736 1818; x_wconf 85' lang='lat' dir='ltr'><strong>Ephori</strong></span> <span class='ocrx_word' id='word_1_91' title='bbox 762 1755 863 1799; x_wconf 80' lang='lat' dir='ltr'><strong>annos</strong></span> <span class='ocrx_word' id='word_1_92' title='bbox 889 1749 944 1800; x_wconf 88' lang='lat' dir='ltr'><strong>aut</strong></span> <span class='ocrx_word' id='word_1_93' title='bbox 972 1738 1119 1822; x_wconf 83' lang='lat' dir='ltr'><strong>proxime</strong></span> <span class='ocrx_word' id='word_1_94' title='bbox 1145 1737 1188 1803; x_wconf 85' lang='lat' dir='ltr'><strong>ab</strong></span> 
     </span>
     <span class='ocr_line' id='line_1_15' title="bbox 237 1829 666 1898; baseline -0.009 -1"><span class='ocrx_word' id='word_1_95' title='bbox 237 1837 277 1898; x_wconf 89' lang='lat' dir='ltr'><strong>iis</strong></span> <span class='ocrx_word' id='word_1_96' title='bbox 297 1833 436 1898; x_wconf 84' lang='lat' dir='ltr'><strong>abfuisse</strong></span> <span class='ocrx_word' id='word_1_97' title='bbox 462 1829 666 1896; x_wconf 76' lang='lat' dir='ltr'><strong>existimavit</strong></span> 
     </span>
    </p>
   </div>
   <div class='ocr_carea' id='block_1_3' title="bbox 870 2079 924 2088">
    <p class='ocr_par' dir='ltr' id='par_1_3' title="bbox 870 2079 924 2088">
     <span class='ocr_line' id='line_1_16' title="bbox 870 2079 924 2088; baseline 0.037 -2"><span class='ocrx_word' id='word_1_98' title='bbox 870 2079 924 2088; x_wconf 64' lang='grc' dir='ltr'><strong>ιο...</strong></span> 
     </span>
    </p>
   </div>
   <div class='ocr_carea' id='block_1_4' title="bbox 220 2257 1187 3702">
    <p class='ocr_par' dir='ltr' id='par_1_4' title="bbox 233 2257 1187 2737">
     <span class='ocr_line' id='line_1_17' title="bbox 318 2257 1187 2348; baseline 0.007 -24"><span class='ocrx_word' id='word_1_99' title='bbox 318 2258 475 2346; x_wconf 85' lang='lat' dir='ltr'><strong>Exposita</strong></span> <span class='ocrx_word' id='word_1_100' title='bbox 495 2257 696 2346; x_wconf 83' lang='lat' dir='ltr'><strong>Theopompi</strong></span> <span class='ocrx_word' id='word_1_101' title='bbox 716 2262 792 2338; x_wconf 84' lang='lat' dir='ltr'><strong>rita,</strong></span> <span class='ocrx_word' id='word_1_102' title='bbox 813 2262 1000 2348; x_wconf 82' lang='lat' dir='ltr'><strong>scriptorum</strong></span> <span class='ocrx_word' id='word_1_103' title='bbox 1021 2266 1091 2328; x_wconf 89' lang='lat' dir='ltr'><strong>eius</strong></span> <span class='ocrx_word' id='word_1_104' title='bbox 1112 2285 1187 2332; x_wconf 85' lang='lat' dir='ltr'><strong>suo·</strong></span> 
     </span>
     <span class='ocr_line' id='line_1_18' title="bbox 236 2355 1186 2442; baseline 0.007 -21"><span class='ocrx_word' id='word_1_105' title='bbox 236 2356 328 2422; x_wconf 85' lang='lat' dir='ltr'><strong>aedat</strong></span> <span class='ocrx_word' id='word_1_106' title='bbox 349 2377 510 2421; x_wconf 82' lang='lat' dir='ltr'><strong>recensus.</strong></span> <span class='ocrx_word' id='word_1_107' title='bbox 564 2355 670 2420; x_wconf 85' lang='lat' dir='ltr'><strong>Huius</strong></span> <span class='ocrx_word' id='word_1_108' title='bbox 699 2357 920 2442; x_wconf 86' lang='lat' dir='ltr'><strong>disputationis</strong></span> <span class='ocrx_word' id='word_1_109' title='bbox 946 2360 1186 2429; x_wconf 83' lang='lat' dir='ltr'><strong>fundamentum</strong></span> 
     </span>
     <span class='ocr_line' id='line_1_19' title="bbox 234 2451 1186 2544; baseline 0.006 -26"><span class='ocrx_word' id='word_1_110' title='bbox 234 2456 340 2519; x_wconf 85' lang='lat' dir='ltr'><strong>facere</strong></span> <span class='ocrx_word' id='word_1_111' title='bbox 361 2457 464 2518; x_wconf 80' lang='lat' dir='ltr'><strong>visum</strong></span> <span class='ocrx_word' id='word_1_112' title='bbox 481 2466 531 2517; x_wconf 90' lang='lat' dir='ltr'><strong>est</strong></span> <span class='ocrx_word' id='word_1_113' title='bbox 557 2451 700 2530; x_wconf 87' lang='lat' dir='ltr'><strong>Suidam,</strong></span> <span class='ocrx_word' id='word_1_114' title='bbox 726 2455 766 2518; x_wconf 92' lang='lat' dir='ltr'><strong>ad</strong></span> <span class='ocrx_word' id='word_1_115' title='bbox 785 2476 877 2544; x_wconf 90' lang='lat' dir='ltr'><strong>quem</strong></span> <span class='ocrx_word' id='word_1_116' title='bbox 903 2477 984 2543; x_wconf 89' lang='lat' dir='ltr'><strong>quae</strong></span> <span class='ocrx_word' id='word_1_117' title='bbox 1006 2479 1051 2521; x_wconf 87' lang='lat' dir='ltr'><strong>ex</strong></span> <span class='ocrx_word' id='word_1_118' title='bbox 1070 2461 1186 2524; x_wconf 82' lang='lat' dir='ltr'><strong>ceteris</strong></span> 
     </span>
     <span class='ocr_line' id='line_1_20' title="bbox 234 2549 1185 2639; baseline 0.004 -22"><span class='ocrx_word' id='word_1_119' title='bbox 234 2549 414 2617; x_wconf 85' lang='lat' dir='ltr'><strong>auctoribus</strong></span> <span class='ocrx_word' id='word_1_120' title='bbox 436 2563 596 2627; x_wconf 89' lang='lat' dir='ltr'><strong>eruuntur,</strong></span> <span class='ocrx_word' id='word_1_121' title='bbox 615 2551 750 2614; x_wconf 83' lang='lat' dir='ltr'><strong>conferri</strong></span> <span class='ocrx_word' id='word_1_122' title='bbox 765 2553 915 2637; x_wconf 83' lang='lat' dir='ltr'><strong>exigique</strong></span> <span class='ocrx_word' id='word_1_123' title='bbox 924 2566 1083 2639; x_wconf 90' lang='lat' dir='ltr'><strong>poterunt.</strong></span> <span class='ocrx_word' id='word_1_124' title='bbox 1118 2554 1185 2621; x_wconf 83' lang='lat' dir='ltr'><strong>Sed</strong></span> 
     </span>
     <span class='ocr_line' id='line_1_21' title="bbox 233 2645 1163 2737; baseline 0.004 -25"><span class='ocrx_word' id='word_1_125' title='bbox 233 2653 304 2736; x_wconf 89' lang='lat' dir='ltr'><strong>ipsa</strong></span> <span class='ocrx_word' id='word_1_126' title='bbox 318 2647 436 2713; x_wconf 84' lang='lat' dir='ltr'><strong>Suidae</strong></span> <span class='ocrx_word' id='word_1_127' title='bbox 455 2645 554 2712; x_wconf 87' lang='lat' dir='ltr'><strong>verba</strong></span> <span class='ocrx_word' id='word_1_128' title='bbox 566 2668 724 2733; x_wconf 87' lang='lat' dir='ltr'><strong>apponam</strong></span> <span class='ocrx_word' id='word_1_129' title='bbox 736 2645 843 2732; x_wconf 83' lang='lat' dir='ltr'><strong>(Tom.</strong></span> <span class='ocrx_word' id='word_1_130' title='bbox 854 2647 894 2712; x_wconf 86' lang='lat' dir='ltr'><strong>lt.</strong></span> <span class='ocrx_word' id='word_1_131' title='bbox 907 2675 939 2737; x_wconf 86' lang='lat' dir='ltr'><strong>p.</strong></span> <span class='ocrx_word' id='word_1_132' title='bbox 952 2647 1022 2720; x_wconf 78' lang='grc'><strong>178.</strong></span> <span class='ocrx_word' id='word_1_133' title='bbox 1037 2649 1163 2737; x_wconf 78' lang='lat' dir='ltr'><strong>Kust):</strong></span> 
     </span>
    </p>

    <p class='ocr_par' dir='ltr' id='par_1_5' title="bbox 220 2740 1184 3702">
     <span class='ocr_line' id='line_1_22' title="bbox 318 2740 1184 2831; baseline 0.003 -21"><span class='ocrx_word' id='word_1_134' title='bbox 318 2741 498 2826; x_wconf 73' lang='grc' dir='ltr'><strong><em>Θεόπομπος</em></strong></span> <span class='ocrx_word' id='word_1_135' title='bbox 517 2747 608 2822; x_wconf 86' lang='grc' dir='ltr'><strong><em>Χῖος,</em></strong></span> <span class='ocrx_word' id='word_1_136' title='bbox 629 2740 741 2828; x_wconf 72' lang='grc' dir='ltr'><strong><em>ῥήτωρ,</em></strong></span> <span class='ocrx_word' id='word_1_137' title='bbox 760 2743 826 2818; x_wconf 84' lang='grc' dir='ltr'><strong><em>υίὸς</em></strong></span> <span class='ocrx_word' id='word_1_138' title='bbox 847 2745 1117 2831; x_wconf 80' lang='grc' dir='ltr'><strong><em>Δαμασιστράτου,</em></strong></span> <span class='ocrx_word' id='word_1_139' title='bbox 1132 2772 1184 2826; x_wconf 75' lang='lat' dir='ltr'><strong>yt-</strong></span> 
     </span>
     <span class='ocr_line' id='line_1_23' title="bbox 232 2834 1183 2926; baseline 0.006 -21"><span class='ocrx_word' id='word_1_140' title='bbox 232 2841 330 2925; x_wconf 76' lang='lat' dir='ltr'><strong>yovoie</strong></span> <span class='ocrx_word' id='word_1_141' title='bbox 351 2840 431 2905; x_wconf 83' lang='grc' dir='ltr'><strong><em>κατὰ</em></strong></span> <span class='ocrx_word' id='word_1_142' title='bbox 450 2837 522 2914; x_wconf 83' lang='grc' dir='ltr'><strong><em>τοὺς</em></strong></span> <span class='ocrx_word' id='word_1_143' title='bbox 540 2834 664 2924; x_wconf 84' lang='grc' dir='ltr'><strong><em>χρόνους</em></strong></span> <span class='ocrx_word' id='word_1_144' title='bbox 685 2845 738 2921; x_wconf 76' lang='grc' dir='ltr'><strong>τῆς</strong></span> <span class='ocrx_word' id='word_1_145' title='bbox 760 2838 901 2926; x_wconf 78' lang='grc' dir='ltr'><strong>ἀναρχίας</strong></span> <span class='ocrx_word' id='word_1_146' title='bbox 918 2840 1103 2926; x_wconf 74' lang='grc' dir='ltr'><strong><em>Ἀθηναίων,</em></strong></span> <span class='ocrx_word' id='word_1_147' title='bbox 1130 2846 1183 2911; x_wconf 74' lang='grc' dir='ltr'><strong>ἐπί</strong></span> 
     </span>
     <span class='ocr_line' id='line_1_24' title="bbox 230 2932 1182 3028; baseline 0.004 -23"><span class='ocrx_word' id='word_1_148' title='bbox 230 2945 283 3023; x_wconf 74' lang='grc' dir='ltr'><strong>τῆς</strong></span> <span class='ocrx_word' id='word_1_149' title='bbox 304 2939 509 3019; x_wconf 77' lang='grc' dir='ltr'><strong><em>ἒννινηκοστῆσ</em></strong></span> <span class='ocrx_word' id='word_1_150' title='bbox 536 2938 638 3018; x_wconf 79' lang='grc' dir='ltr'><strong><em>τρίτης</em></strong></span> <span class='ocrx_word' id='word_1_151' title='bbox 654 2932 864 3019; x_wconf 77' lang='grc' dir='ltr'><strong><em>Ὀλυμπιάδος,</em></strong></span> <span class='ocrx_word' id='word_1_152' title='bbox 892 2937 941 3006; x_wconf 76' lang='grc' dir='ltr'><strong>ὅτε</strong></span> <span class='ocrx_word' id='word_1_153' title='bbox 968 2939 1182 3028; x_wconf 74' lang='grc' dir='ltr'><strong><em>καλἜρορσς,</em></strong></span> 
     </span>
     <span class='ocr_line' id='line_1_25' title="bbox 226 3030 1180 3123; baseline 0.003 -22"><span class='ocrx_word' id='word_1_154' title='bbox 226 3032 422 3122; x_wconf 82' lang='grc' dir='ltr'><strong><em>Ἰσοκροίτους</em></strong></span> <span class='ocrx_word' id='word_1_155' title='bbox 442 3030 601 3114; x_wconf 73' lang='grc' dir='ltr'><strong>ἀκουστὴς.</strong></span> <span class='ocrx_word' id='word_1_156' title='bbox 634 3030 700 3116; x_wconf 77' lang='grc' dir='ltr'><strong>ἅμα</strong></span> <span class='ocrx_word' id='word_1_157' title='bbox 719 3032 847 3119; x_wconf 80' lang='grc' dir='ltr'><strong><em>Ἐφόρῳ</em></strong></span> <span class='ocrx_word' id='word_1_158' title='bbox 876 3037 1009 3123; x_wconf 75' lang='grc' dir='ltr'><strong><em>ἔγραψεν</em></strong></span> <span class='ocrx_word' id='word_1_159' title='bbox 1037 3034 1180 3123; x_wconf 72' lang='grc' dir='ltr'><strong><em>ἐπιτομὴν</em></strong></span> 
     </span>
     <span class='ocr_line' id='line_1_26' title="bbox 229 3127 1180 3221; baseline 0.001 -22"><span class='ocrx_word' id='word_1_160' title='bbox 229 3139 290 3199; x_wconf 78' lang='grc' dir='ltr'><strong>τῶν</strong></span> <span class='ocrx_word' id='word_1_161' title='bbox 309 3127 485 3219; x_wconf 76' lang='grc' dir='ltr'><strong><em>Ἡροδότου</em></strong></span> <span class='ocrx_word' id='word_1_162' title='bbox 511 3129 652 3214; x_wconf 78' lang='grc' dir='ltr'><strong><em>ἱστοριῶν</em></strong></span> <span class='ocrx_word' id='word_1_163' title='bbox 676 3129 707 3194; x_wconf 78' lang='grc' dir='ltr'><strong>ἒν</strong></span> <span class='ocrx_word' id='word_1_164' title='bbox 732 3130 855 3217; x_wconf 77' lang='grc' dir='ltr'><strong><em>βιβλίοις</em></strong></span> <span class='ocrx_word' id='word_1_165' title='bbox 880 3133 924 3221; x_wconf 83' lang='grc' dir='ltr'><strong>β’.</strong></span> <span class='ocrx_word' id='word_1_166' title='bbox 965 3136 1129 3199; x_wconf 79' lang='grc' dir='ltr'><strong><em>Φιλιππαὰ</em></strong></span> <span class='ocrx_word' id='word_1_167' title='bbox 1148 3137 1180 3202; x_wconf 76' lang='grc' dir='ltr'><strong>ἐν</strong></span> 
     </span>
     <span class='ocr_line' id='line_1_27' title="bbox 228 3222 1180 3318; baseline 0.004 -24"><span class='ocrx_word' id='word_1_168' title='bbox 228 3229 352 3318; x_wconf 88' lang='grc' dir='ltr'><strong><em>βιβλίοις</em></strong></span> <span class='ocrx_word' id='word_1_169' title='bbox 366 3225 428 3315; x_wconf 83' lang='grc' dir='ltr'><strong>οβ’.</strong></span> <span class='ocrx_word' id='word_1_170' title='bbox 463 3222 640 3308; x_wconf 75' lang='grc' dir='ltr'><strong><em>Ἑλληνικὰς</em></strong></span> <span class='ocrx_word' id='word_1_171' title='bbox 657 3228 798 3314; x_wconf 81' lang='grc' dir='ltr'><strong><em>ἱστορίας.</em></strong></span> <span class='ocrx_word' id='word_1_172' title='bbox 823 3232 947 3295; x_wconf 81' lang='grc' dir='ltr'><strong><em>ἕπονται</em></strong></span> <span class='ocrx_word' id='word_1_173' title='bbox 962 3228 995 3294; x_wconf 81' lang='grc' dir='ltr'><strong>δὲ</strong></span> <span class='ocrx_word' id='word_1_174' title='bbox 1011 3241 1078 3306; x_wconf 82' lang='grc' dir='ltr'><strong><em>ταῖς</em></strong></span> <span class='ocrx_word' id='word_1_175' title='bbox 1095 3235 1180 3298; x_wconf 84' lang='grc' dir='ltr'><strong><em>Θου-</em></strong></span> 
     </span>
     <span class='ocr_line' id='line_1_28' title="bbox 228 3323 1179 3414; baseline 0.002 -21"><span class='ocrx_word' id='word_1_176' title='bbox 228 3327 349 3393; x_wconf 77' lang='grc' dir='ltr'><strong><em>κυδίδου</em></strong></span> <span class='ocrx_word' id='word_1_177' title='bbox 368 3323 421 3389; x_wconf 81' lang='grc' dir='ltr'><strong>καί</strong></span> <span class='ocrx_word' id='word_1_178' title='bbox 440 3323 643 3405; x_wconf 77' lang='grc' dir='ltr'><strong><em>Ξενοφῶντος,</em></strong></span> <span class='ocrx_word' id='word_1_179' title='bbox 663 3328 715 3389; x_wconf 84' lang='grc' dir='ltr'><strong>καί</strong></span> <span class='ocrx_word' id='word_1_180' title='bbox 732 3327 805 3391; x_wconf 75' lang='grc' dir='ltr'><strong><em>εἰσιν</em></strong></span> <span class='ocrx_word' id='word_1_181' title='bbox 825 3326 856 3391; x_wconf 77' lang='grc' dir='ltr'><strong>ἐν</strong></span> <span class='ocrx_word' id='word_1_182' title='bbox 873 3328 995 3413; x_wconf 81' lang='grc' dir='ltr'><strong><em>βιβλίοις</em></strong></span> <span class='ocrx_word' id='word_1_183' title='bbox 1016 3325 1072 3409; x_wconf 84' lang='grc' dir='ltr'><strong><em>ια’,</em></strong></span> <span class='ocrx_word' id='word_1_184' title='bbox 1091 3329 1179 3414; x_wconf 74' lang='grc' dir='ltr'><strong><em>λ’χου-</em></strong></span> 
     </span>
     <span class='ocr_line' id='line_1_29' title="bbox 229 3417 1177 3506; baseline 0.002 -17"><span class='ocrx_word' id='word_1_185' title='bbox 229 3450 281 3489; x_wconf 88' lang='grc' dir='ltr'><strong>σαι</strong></span> <span class='ocrx_word' id='word_1_186' title='bbox 312 3423 353 3487; x_wconf 79' lang='grc' dir='ltr'><strong>τὰ</strong></span> <span class='ocrx_word' id='word_1_187' title='bbox 392 3421 457 3486; x_wconf 77' lang='grc' dir='ltr'><strong>ἀπὸ</strong></span> <span class='ocrx_word' id='word_1_188' title='bbox 485 3425 544 3484; x_wconf 82' lang='grc' dir='ltr'><strong>τοῦ</strong></span> <span class='ocrx_word' id='word_1_189' title='bbox 579 3417 866 3506; x_wconf 72' lang='grc' dir='ltr'><strong><em>Πελοποννησιακοῦ</em></strong></span> <span class='ocrx_word' id='word_1_190' title='bbox 902 3421 1037 3506; x_wconf 82' lang='grc' dir='ltr'><strong><em>πολέμου</em></strong></span> <span class='ocrx_word' id='word_1_191' title='bbox 1075 3423 1177 3492; x_wconf 86' lang='grc' dir='ltr'><strong><em>λοιποί.</em></strong></span> 
     </span>
     <span class='ocr_line' id='line_1_30' title="bbox 220 3516 1177 3602; baseline 0.007 -18"><span class='ocrx_word' id='word_1_192' title='bbox 220 3521 365 3602; x_wconf 78' lang='grc' dir='ltr'><strong><em>Ἔγραψε</em></strong></span> <span class='ocrx_word' id='word_1_193' title='bbox 389 3516 422 3582; x_wconf 78' lang='grc' dir='ltr'><strong>δὲ</strong></span> <span class='ocrx_word' id='word_1_194' title='bbox 447 3517 499 3582; x_wconf 80' lang='grc' dir='ltr'><strong>καί</strong></span> <span class='ocrx_word' id='word_1_195' title='bbox 524 3518 612 3597; x_wconf 78' lang='grc' dir='ltr'><strong><em>ἕτερα</em></strong></span> <span class='ocrx_word' id='word_1_196' title='bbox 638 3516 770 3586; x_wconf 66' lang='grc' dir='ltr'><strong>πλεῖστα.</strong></span> <span class='ocrx_word' id='word_1_197' title='bbox 855 3520 976 3588; x_wconf 85' lang='lat' dir='ltr'><strong>Eadem</strong></span> <span class='ocrx_word' id='word_1_198' title='bbox 995 3522 1092 3590; x_wconf 80' lang='lat' dir='ltr'><strong>habet</strong></span> <span class='ocrx_word' id='word_1_199' title='bbox 1110 3526 1177 3591; x_wconf 84' lang='lat' dir='ltr'><strong>Eu-</strong></span> 
     </span>
     <span class='ocr_line' id='line_1_31' title="bbox 225 3604 575 3702; baseline -0.017 -18"><span class='ocrx_word' id='word_1_200' title='bbox 225 3620 319 3685; x_wconf 82' lang='lat' dir='ltr'><strong>dotia</strong></span> <span class='ocrx_word' id='word_1_201' title='bbox 338 3614 425 3681; x_wconf 88' lang='lat' dir='ltr'><strong>Viol.</strong></span> <span class='ocrx_word' id='word_1_202' title='bbox 453 3639 485 3702; x_wconf 87' lang='lat' dir='ltr'><strong>p.</strong></span> <span class='ocrx_word' id='word_1_203' title='bbox 503 3604 575 3679; x_wconf 83' lang='lat'><strong>230.</strong></span> 
     </span>
    </p>
   </div>
   <div class='ocr_carea' id='block_1_5' title="bbox 230 3766 1154 3945">
    <p class='ocr_par' dir='ltr' id='par_1_6' title="bbox 230 3766 1154 3945">
     <span class='ocr_line' id='line_1_32' title="bbox 230 3766 1154 3815; baseline 0.011 -20"><span class='ocrx_word' id='word_1_204' title='bbox 230 3766 1154 3815; x_wconf 59' lang='lat'>-——--——-.-....-..4.-.....&gt;..</span> 
     </span>
     <span class='ocr_line' id='line_1_33' title="bbox 289 3871 730 3945; baseline 0.014 -19"><span class='ocrx_word' id='word_1_205' title='bbox 289 3873 314 3938; x_wconf 83' lang='lat'><strong>¹)</strong></span> <span class='ocrx_word' id='word_1_206' title='bbox 334 3871 449 3928; x_wconf 80' lang='lat' dir='ltr'><strong>Photius</strong></span> <span class='ocrx_word' id='word_1_207' title='bbox 468 3874 503 3930; x_wconf 82' lang='grc' dir='ltr'><strong>Τ.</strong></span> <span class='ocrx_word' id='word_1_208' title='bbox 517 3874 538 3929; x_wconf 85' lang='lat' dir='ltr'><strong>i.</strong></span> <span class='ocrx_word' id='word_1_209' title='bbox 558 3891 585 3945; x_wconf 90' lang='lat' dir='ltr'><strong>p.</strong></span> <span class='ocrx_word' id='word_1_210' title='bbox 603 3874 666 3940; x_wconf 82' lang='lat'>120,</span> <span class='ocrx_word' id='word_1_211' title='bbox 684 3876 730 3932; x_wconf 78' lang='lat'><strong>25.</strong></span> 
     </span>
    </p>
   </div>
   <div class='ocr_carea' id='block_1_6' title="bbox 0 0 1272 4658">
    <p class='ocr_par' dir='ltr' id='par_1_7' title="bbox 0 0 1272 4658">
     <span class='ocr_line' id='line_1_34' title="bbox 0 0 1272 4658; baseline 0 5"><span class='ocrx_word' id='word_1_212' title='bbox 0 0 1272 4658; x_wconf 95' lang='lat' dir='ltr'><strong> </strong></span> 
     </span>
    </p>
   </div>
  </div>
 </body>
</html>
