<?xml version="1.0" encoding="UTF-8"?>
<!DOCTYPE html PUBLIC "-//W3C//DTD XHTML 1.0 Transitional//EN"
    "http://www.w3.org/TR/xhtml1/DTD/xhtml1-transitional.dtd">
<html xmlns="http://www.w3.org/1999/xhtml" xml:lang="en" lang="en">
 <head>
  <title>
</title>
<meta http-equiv="Content-Type" content="text/html;charset=utf-8" />
  <meta name='ocr-system' content='tesseract 3.04.00' />
  <meta name='ocr-capabilities' content='ocr_page ocr_carea ocr_par ocr_line ocrx_word'/>
</head>
<body>
  <div class='ocr_page' id='page_1' title='image "./detheopompichii00pflugoog_0081.png"; bbox 0 0 2534 4658; ppageno 0'>
   <div class='ocr_carea' id='block_1_1' title="bbox 605 384 833 454">
    <p class='ocr_par' dir='ltr' id='par_1_1' title="bbox 605 384 833 454">
     <span class='ocr_line' id='line_1_1' title="bbox 605 384 833 454; baseline -0.004 0"><span class='ocrx_word' id='word_1_1' title='bbox 605 384 833 454; x_wconf 77' lang='lat'><strong>&#39;-62-</strong></span> 
     </span>
    </p>
   </div>
   <div class='ocr_carea' id='block_1_2' title="bbox 158 553 1208 3924">
    <p class='ocr_par' dir='ltr' id='par_1_2' title="bbox 158 553 1208 3924">
     <span class='ocr_line' id='line_1_2' title="bbox 259 553 1206 644; baseline 0.006 -25"><span class='ocrx_word' id='word_1_2' title='bbox 259 554 384 621; x_wconf 74' lang='grc' dir='ltr'><em>τούτου·</em></span> <span class='ocrx_word' id='word_1_3' title='bbox 415 555 493 642; x_wconf 81' lang='grc' dir='ltr'><strong><em>πρὸς</em></strong></span> <span class='ocrx_word' id='word_1_4' title='bbox 519 553 552 620; x_wconf 82' lang='grc' dir='ltr'>δὲ</span> <span class='ocrx_word' id='word_1_5' title='bbox 577 555 632 637; x_wconf 69' lang='grc' dir='ltr'>τὴν</span> <span class='ocrx_word' id='word_1_6' title='bbox 663 556 746 621; x_wconf 82' lang='grc' dir='ltr'><strong><em>κατὰ</em></strong></span> <span class='ocrx_word' id='word_1_7' title='bbox 775 563 837 622; x_wconf 74' lang='grc' dir='ltr'>τῶν</span> <span class='ocrx_word' id='word_1_8' title='bbox 868 554 966 640; x_wconf 71' lang='grc' dir='ltr'><em>φίλων</em></span> <span class='ocrx_word' id='word_1_9' title='bbox 993 556 1206 644; x_wconf 68' lang='grc' dir='ltr'><em>αῒσχρολογίαν</em></span> 
     </span>
     <span class='ocr_line' id='line_1_3' title="bbox 260 637 1204 729; baseline 0.002 -23"><span class='ocrx_word' id='word_1_10' title='bbox 260 641 314 707; x_wconf 77' lang='grc' dir='ltr'>οὐκ</span> <span class='ocrx_word' id='word_1_11' title='bbox 335 641 373 705; x_wconf 78' lang='lat' dir='ltr'>o’t&#39;v</span> <span class='ocrx_word' id='word_1_12' title='bbox 392 637 475 725; x_wconf 78' lang='grc' dir='ltr'><em>οἶμαι</em></span> <span class='ocrx_word' id='word_1_13' title='bbox 492 640 655 724; x_wconf 76' lang='grc' dir='ltr'><em>δυνηθῆναι</em></span> <span class='ocrx_word' id='word_1_14' title='bbox 673 639 765 718; x_wconf 71' lang='grc' dir='ltr'><em>λόγον</em></span> <span class='ocrx_word' id='word_1_15' title='bbox 782 640 874 705; x_wconf 79' lang='grc' dir='ltr'><strong><em>αὐτὸν</em></strong></span> <span class='ocrx_word' id='word_1_16' title='bbox 887 641 1071 719; x_wconf 76' lang='grc' dir='ltr'><em>ἀποδοῦναι,</em></span> <span class='ocrx_word' id='word_1_17' title='bbox 1089 667 1204 729; x_wconf 71' lang='grc' dir='ltr'><strong><em>συγχω-</em></strong></span> 
     </span>
     <span class='ocr_line' id='line_1_4' title="bbox 258 723 1060 811; baseline 0.001 -21"><span class='ocrx_word' id='word_1_18' title='bbox 258 729 348 811; x_wconf 69' lang='grc' dir='ltr'><strong><em>ρῆσαι</em></strong></span> <span class='ocrx_word' id='word_1_19' title='bbox 368 724 412 806; x_wconf 75' lang='lat' dir='ltr'>dl,</span> <span class='ocrx_word' id='word_1_20' title='bbox 431 725 507 789; x_wconf 79' lang='grc' dir='ltr'><strong><em>διότι</em></strong></span> <span class='ocrx_word' id='word_1_21' title='bbox 526 726 604 788; x_wconf 83' lang='grc' dir='ltr'><strong><em>πολὺ</em></strong></span> <span class='ocrx_word' id='word_1_22' title='bbox 622 727 772 808; x_wconf 65' lang='lat' dir='ltr'>raptam</span> <span class='ocrx_word' id='word_1_23' title='bbox 790 732 846 789; x_wconf 87' lang='grc' dir='ltr'>τοῦ</span> <span class='ocrx_word' id='word_1_24' title='bbox 862 723 1060 803; x_wconf 74' lang='grc' dir='ltr'><strong><em>καθήκοντος.</em></strong></span> 
     </span>
     <span class='ocr_line' id='line_1_5' title="bbox 340 809 1203 896; baseline 0 -20"><span class='ocrx_word' id='word_1_25' title='bbox 340 812 470 876; x_wconf 83' lang='lat' dir='ltr'>Summa</span> <span class='ocrx_word' id='word_1_26' title='bbox 489 814 586 896; x_wconf 84' lang='lat' dir='ltr'>igitur</span> <span class='ocrx_word' id='word_1_27' title='bbox 605 813 757 875; x_wconf 83' lang='lat' dir='ltr'>orationis</span> <span class='ocrx_word' id='word_1_28' title='bbox 775 809 970 893; x_wconf 87' lang='lat' dir='ltr'>Polybianae</span> <span class='ocrx_word' id='word_1_29' title='bbox 996 834 1035 876; x_wconf 94' lang='lat' dir='ltr'>eo</span> <span class='ocrx_word' id='word_1_30' title='bbox 1052 813 1146 891; x_wconf 84' lang='lat' dir='ltr'>redit,</span> <span class='ocrx_word' id='word_1_31' title='bbox 1167 825 1203 876; x_wconf 82' lang='lat' dir='ltr'>ut</span> 
     </span>
     <span class='ocr_line' id='line_1_6' title="bbox 257 894 1202 983; baseline 0.001 -24"><span class='ocrx_word' id='word_1_32' title='bbox 257 894 498 983; x_wconf 85' lang='lat' dir='ltr'>Theopompum</span> <span class='ocrx_word' id='word_1_33' title='bbox 519 908 551 958; x_wconf 88' lang='lat' dir='ltr'>et</span> <span class='ocrx_word' id='word_1_34' title='bbox 565 898 739 981; x_wconf 81' lang='lat' dir='ltr'>pugnantia</span> <span class='ocrx_word' id='word_1_35' title='bbox 753 909 785 959; x_wconf 89' lang='lat' dir='ltr'>et</span> <span class='ocrx_word' id='word_1_36' title='bbox 802 895 883 958; x_wconf 87' lang='lat' dir='ltr'>falsa</span> <span class='ocrx_word' id='word_1_37' title='bbox 900 898 1075 982; x_wconf 80' lang='lat' dir='ltr'>scripsisse,</span> <span class='ocrx_word' id='word_1_38' title='bbox 1095 899 1130 962; x_wconf 91' lang='lat' dir='ltr'>in</span> <span class='ocrx_word' id='word_1_39' title='bbox 1145 900 1202 961; x_wconf 91' lang='lat' dir='ltr'>iis·</span> 
     </span>
     <span class='ocr_line' id='line_1_7' title="bbox 180 978 1201 1066; baseline -0.002 -18"><span class='ocrx_word' id='word_1_40' title='bbox 180 1045 182 1048; x_wconf 84' lang='lat'>.</span> <span class='ocrx_word' id='word_1_41' title='bbox 256 1003 316 1065; x_wconf 81' lang='lat' dir='ltr'>que</span> <span class='ocrx_word' id='word_1_42' title='bbox 336 1002 453 1065; x_wconf 83' lang='lat' dir='ltr'>magna</span> <span class='ocrx_word' id='word_1_43' title='bbox 478 1001 568 1042; x_wconf 84' lang='lat' dir='ltr'>usum</span> <span class='ocrx_word' id='word_1_44' title='bbox 596 1001 667 1042; x_wconf 88' lang='lat' dir='ltr'>esse</span> <span class='ocrx_word' id='word_1_45' title='bbox 697 978 861 1043; x_wconf 89' lang='lat' dir='ltr'>verborum</span> <span class='ocrx_word' id='word_1_46' title='bbox 887 981 1078 1066; x_wconf 81' lang='lat' dir='ltr'>turpitudine</span> <span class='ocrx_word' id='word_1_47' title='bbox 1107 983 1201 1046; x_wconf 85' lang='lat' dir='ltr'>dicat.</span> 
     </span>
     <span class='ocr_line' id='line_1_8' title="bbox 256 1062 1201 1152; baseline 0 -24"><span class='ocrx_word' id='word_1_48' title='bbox 256 1067 316 1129; x_wconf 89' lang='lat' dir='ltr'>llis</span> <span class='ocrx_word' id='word_1_49' title='bbox 336 1086 416 1152; x_wconf 89' lang='lat' dir='ltr'>quae</span> <span class='ocrx_word' id='word_1_50' title='bbox 432 1063 638 1149; x_wconf 63' lang='lat' dir='ltr'>respondeas</span> <span class='ocrx_word' id='word_1_51' title='bbox 654 1084 719 1125; x_wconf 96' lang='lat' dir='ltr'>non</span> <span class='ocrx_word' id='word_1_52' title='bbox 733 1062 874 1127; x_wconf 88' lang='lat' dir='ltr'>difficilia</span> <span class='ocrx_word' id='word_1_53' title='bbox 891 1077 965 1126; x_wconf 90' lang='lat' dir='ltr'>sunt</span> <span class='ocrx_word' id='word_1_54' title='bbox 983 1065 1023 1127; x_wconf 92' lang='lat' dir='ltr'>ad</span> <span class='ocrx_word' id='word_1_55' title='bbox 1040 1069 1201 1150; x_wconf 89' lang='lat' dir='ltr'>reperien-</span> 
     </span>
     <span class='ocr_line' id='line_1_9' title="bbox 254 1147 1201 1234; baseline 0 -22"><span class='ocrx_word' id='word_1_56' title='bbox 254 1151 337 1212; x_wconf 85' lang='lat' dir='ltr'>dum.</span> <span class='ocrx_word' id='word_1_57' title='bbox 377 1149 503 1212; x_wconf 88' lang='lat' dir='ltr'>Etenim</span> <span class='ocrx_word' id='word_1_58' title='bbox 523 1169 618 1232; x_wconf 91' lang='lat' dir='ltr'>quum</span> <span class='ocrx_word' id='word_1_59' title='bbox 639 1149 787 1210; x_wconf 84' lang='lat' dir='ltr'>maximis</span> <span class='ocrx_word' id='word_1_60' title='bbox 805 1147 901 1211; x_wconf 85' lang='lat' dir='ltr'>rebus</span> <span class='ocrx_word' id='word_1_61' title='bbox 920 1150 1018 1232; x_wconf 85' lang='lat' dir='ltr'>gestis</span> <span class='ocrx_word' id='word_1_62' title='bbox 1040 1171 1078 1214; x_wconf 89' lang='lat' dir='ltr'>ac</span> <span class='ocrx_word' id='word_1_63' title='bbox 1097 1150 1201 1234; x_wconf 89' lang='lat' dir='ltr'>gloria</span> 
     </span>
     <span class='ocr_line' id='line_1_10' title="bbox 238 1230 1200 1319; baseline 0 -22"><span class='ocrx_word' id='word_1_64' title='bbox 238 1233 335 1297; x_wconf 37' lang='lat' dir='ltr'>*Phili</span> <span class='ocrx_word' id='word_1_65' title='bbox 359 1237 392 1319; x_wconf 89' lang='lat' dir='ltr'>pi</span> <span class='ocrx_word' id='word_1_66' title='bbox 421 1234 462 1296; x_wconf 87' lang='lat' dir='ltr'>ad</span> <span class='ocrx_word' id='word_1_67' title='bbox 493 1230 691 1295; x_wconf 87' lang='lat' dir='ltr'>scribendum</span> <span class='ocrx_word' id='word_1_68' title='bbox 717 1252 752 1294; x_wconf 85' lang='lat' dir='ltr'>se</span> <span class='ocrx_word' id='word_1_69' title='bbox 789 1247 976 1295; x_wconf 89' lang='lat' dir='ltr'>commotum</span> <span class='ocrx_word' id='word_1_70' title='bbox 1006 1255 1078 1297; x_wconf 84' lang='lat' dir='ltr'>esse</span> <span class='ocrx_word' id='word_1_71' title='bbox 1106 1235 1200 1310; x_wconf 85' lang='lat' dir='ltr'>dixit,</span> 
     </span>
     <span class='ocr_line' id='line_1_11' title="bbox 253 1256 1199 1402; baseline 0 -20"><span class='ocrx_word' id='word_1_72' title='bbox 253 1256 396 1382; x_wconf 80' lang='lat' dir='ltr'>non-lloc</span> <span class='ocrx_word' id='word_1_73' title='bbox 417 1317 509 1392; x_wconf 83' lang='lat' dir='ltr'>dixit,</span> <span class='ocrx_word' id='word_1_74' title='bbox 530 1315 609 1378; x_wconf 92' lang='lat' dir='ltr'>nihil</span> <span class='ocrx_word' id='word_1_75' title='bbox 621 1337 692 1378; x_wconf 90' lang='lat' dir='ltr'>esse</span> <span class='ocrx_word' id='word_1_76' title='bbox 709 1317 744 1379; x_wconf 95' lang='lat' dir='ltr'>in</span> <span class='ocrx_word' id='word_1_77' title='bbox 762 1310 828 1392; x_wconf 90' lang='lat' dir='ltr'>illo,</span> <span class='ocrx_word' id='word_1_78' title='bbox 850 1318 913 1378; x_wconf 90' lang='lat' dir='ltr'>nisi</span> <span class='ocrx_word' id='word_1_79' title='bbox 935 1318 1018 1402; x_wconf 90' lang='lat' dir='ltr'>quod</span> <span class='ocrx_word' id='word_1_80' title='bbox 1034 1331 1199 1402; x_wconf 84' lang='lat' dir='ltr'>praestans</span> 
     </span>
     <span class='ocr_line' id='line_1_12' title="bbox 254 1398 1198 1489; baseline -0.001 -22"><span class='ocrx_word' id='word_1_81' title='bbox 254 1425 290 1467; x_wconf 85' lang='lat' dir='ltr'>ac</span> <span class='ocrx_word' id='word_1_82' title='bbox 309 1398 467 1467; x_wconf 82' lang='lat' dir='ltr'>laudabile</span> <span class='ocrx_word' id='word_1_83' title='bbox 488 1412 582 1475; x_wconf 89' lang='lat' dir='ltr'>esset,</span> <span class='ocrx_word' id='word_1_84' title='bbox 604 1399 660 1462; x_wconf 91' lang='lat' dir='ltr'>sed</span> <span class='ocrx_word' id='word_1_85' title='bbox 680 1400 712 1462; x_wconf 96' lang='lat' dir='ltr'>id</span> <span class='ocrx_word' id='word_1_86' title='bbox 730 1413 806 1484; x_wconf 91' lang='lat' dir='ltr'>puto</span> <span class='ocrx_word' id='word_1_87' title='bbox 826 1399 994 1476; x_wconf 86' lang='lat' dir='ltr'>intellexit,</span> <span class='ocrx_word' id='word_1_88' title='bbox 1021 1400 1198 1489; x_wconf 87' lang='lat' dir='ltr'>Philippum</span> 
     </span>
     <span class='ocr_line' id='line_1_13' title="bbox 253 1478 1200 1630; baseline 0.002 -82"><span class='ocrx_word' id='word_1_89' title='bbox 253 1478 400 1571; x_wconf 75' lang='lat' dir='ltr'>ingbnio,</span> <span class='ocrx_word' id='word_1_90' title='bbox 424 1483 623 1560; x_wconf 85' lang='lat' dir='ltr'>fortitudine,</span> <span class='ocrx_word' id='word_1_91' title='bbox 646 1485 805 1630; x_wconf 71' lang='lat' dir='ltr'>patientia</span> <span class='ocrx_word' id='word_1_92' title='bbox 831 1483 924 1547; x_wconf 88' lang='lat' dir='ltr'>facile</span> <span class='ocrx_word' id='word_1_93' title='bbox 947 1488 1120 1571; x_wconf 86' lang='lat' dir='ltr'>principem</span> <span class='ocrx_word' id='word_1_94' title='bbox 1147 1489 1200 1550; x_wconf 87' lang='lat' dir='ltr'>sui</span> 
     </span>
     <span class='ocr_line' id='line_1_14' title="bbox 251 1567 1198 1655; baseline 0 -21"><span class='ocrx_word' id='word_1_95' title='bbox 251 1569 371 1633; x_wconf 86' lang='lat' dir='ltr'>saeculi</span> <span class='ocrx_word' id='word_1_96' title='bbox 390 1589 474 1642; x_wconf 83' lang='lat' dir='ltr'>esse3</span> <span class='ocrx_word' id='word_1_97' title='bbox 493 1567 627 1632; x_wconf 90' lang='lat' dir='ltr'>eundem</span> <span class='ocrx_word' id='word_1_98' title='bbox 671 1567 754 1645; x_wconf 91' lang='lat' dir='ltr'>dem,</span> <span class='ocrx_word' id='word_1_99' title='bbox 770 1569 931 1645; x_wconf 88' lang='lat' dir='ltr'>iustitiam,</span> <span class='ocrx_word' id='word_1_100' title='bbox 949 1572 1198 1655; x_wconf 90' lang='lat' dir='ltr'>temperantiam,</span> 
     </span>
     <span class='ocr_line' id='line_1_15' title="bbox 158 1650 1199 1739; baseline 0.004 -25"><span class='ocrx_word' id='word_1_101' title='bbox 158 1702 163 1714; x_wconf 85' lang='lat'><em>.</em></span> <span class='ocrx_word' id='word_1_102' title='bbox 273 1655 414 1729; x_wconf 84' lang='lat' dir='ltr'>odorem,</span> <span class='ocrx_word' id='word_1_103' title='bbox 435 1653 610 1714; x_wconf 91' lang='lat' dir='ltr'>castitatem</span> <span class='ocrx_word' id='word_1_104' title='bbox 633 1650 739 1714; x_wconf 92' lang='lat' dir='ltr'>multis</span> <span class='ocrx_word' id='word_1_105' title='bbox 766 1653 801 1715; x_wconf 92' lang='lat' dir='ltr'>in</span> <span class='ocrx_word' id='word_1_106' title='bbox 822 1651 902 1715; x_wconf 89' lang='lat' dir='ltr'>locis</span> <span class='ocrx_word' id='word_1_107' title='bbox 922 1650 1001 1716; x_wconf 92' lang='lat' dir='ltr'>nihil</span> <span class='ocrx_word' id='word_1_108' title='bbox 1025 1657 1115 1739; x_wconf 88' lang='lat' dir='ltr'>pensi</span> <span class='ocrx_word' id='word_1_109' title='bbox 1140 1653 1199 1718; x_wconf 91' lang='lat' dir='ltr'>ha·</span> 
     </span>
     <span class='ocr_line' id='line_1_16' title="bbox 182 1677 1198 1820; baseline -0.001 -18"><span class='ocrx_word' id='word_1_110' title='bbox 182 1773 184 1777; x_wconf 93' lang='lat'>·</span> <span class='ocrx_word' id='word_1_111' title='bbox 249 1677 367 1802; x_wconf 80' lang='lat' dir='ltr'>baisse.</span> <span class='ocrx_word' id='word_1_112' title='bbox 410 1735 509 1799; x_wconf 85' lang='lat' dir='ltr'>Cuius</span> <span class='ocrx_word' id='word_1_113' title='bbox 532 1737 590 1798; x_wconf 86' lang='lat' dir='ltr'>viri</span> <span class='ocrx_word' id='word_1_114' title='bbox 610 1738 741 1799; x_wconf 87' lang='lat' dir='ltr'>virtutes</span> <span class='ocrx_word' id='word_1_115' title='bbox 754 1757 815 1820; x_wconf 90' lang='lat' dir='ltr'>quo</span> <span class='ocrx_word' id='word_1_116' title='bbox 834 1735 888 1799; x_wconf 90' lang='lat' dir='ltr'>ille</span> <span class='ocrx_word' id='word_1_117' title='bbox 905 1736 1123 1801; x_wconf 86' lang='lat' dir='ltr'>vehementius</span> <span class='ocrx_word' id='word_1_118' title='bbox 1142 1738 1198 1801; x_wconf 91' lang='lat' dir='ltr'>ad·</span> 
     </span>
     <span class='ocr_line' id='line_1_17' title="bbox 250 1819 1197 1907; baseline -0.002 -20"><span class='ocrx_word' id='word_1_119' title='bbox 250 1821 432 1897; x_wconf 87' lang='lat' dir='ltr'>mirabatur,</span> <span class='ocrx_word' id='word_1_120' title='bbox 454 1819 630 1884; x_wconf 87' lang='lat' dir='ltr'>laudandus</span> <span class='ocrx_word' id='word_1_121' title='bbox 651 1832 700 1883; x_wconf 84' lang='lat' dir='ltr'>est</span> <span class='ocrx_word' id='word_1_122' title='bbox 726 1822 831 1904; x_wconf 85' lang='lat' dir='ltr'>potius</span> <span class='ocrx_word' id='word_1_123' title='bbox 852 1842 945 1905; x_wconf 90' lang='lat' dir='ltr'>quam</span> <span class='ocrx_word' id='word_1_124' title='bbox 962 1821 1197 1907; x_wconf 86' lang='lat' dir='ltr'>reprehenden-</span> 
     </span>
     <span class='ocr_line' id='line_1_18' title="bbox 250 1902 1196 1991; baseline 0 -21"><span class='ocrx_word' id='word_1_125' title='bbox 250 1908 320 1983; x_wconf 90' lang='lat' dir='ltr'>dus,</span> <span class='ocrx_word' id='word_1_126' title='bbox 339 1906 423 1991; x_wconf 92' lang='lat' dir='ltr'>quod</span> <span class='ocrx_word' id='word_1_127' title='bbox 432 1925 537 1968; x_wconf 89' lang='lat' dir='ltr'>mores</span> <span class='ocrx_word' id='word_1_128' title='bbox 550 1905 678 1967; x_wconf 90' lang='lat' dir='ltr'>minime</span> <span class='ocrx_word' id='word_1_129' title='bbox 695 1902 875 1989; x_wconf 86' lang='lat' dir='ltr'>probandos</span> <span class='ocrx_word' id='word_1_130' title='bbox 889 1907 1092 1970; x_wconf 88' lang='lat' dir='ltr'>existimavit.</span> <span class='ocrx_word' id='word_1_131' title='bbox 1128 1905 1196 1970; x_wconf 92' lang='lat' dir='ltr'>Ne-</span> 
     </span>
     <span class='ocr_line' id='line_1_19' title="bbox 270 1988 1195 2075; baseline 0.002 -22"><span class='ocrx_word' id='word_1_132' title='bbox 270 2013 311 2053; x_wconf 89' lang='lat' dir='ltr'>ue</span> <span class='ocrx_word' id='word_1_133' title='bbox 331 1993 366 2053; x_wconf 94' lang='lat' dir='ltr'>in</span> <span class='ocrx_word' id='word_1_134' title='bbox 384 2012 423 2052; x_wconf 95' lang='lat' dir='ltr'>eo</span> <span class='ocrx_word' id='word_1_135' title='bbox 444 2000 502 2066; x_wconf 82' lang='lat' dir='ltr'>est,</span> <span class='ocrx_word' id='word_1_136' title='bbox 519 1988 604 2075; x_wconf 85' lang='lat' dir='ltr'>quod</span> <span class='ocrx_word' id='word_1_137' title='bbox 619 1991 827 2051; x_wconf 87' lang='lat' dir='ltr'>constantiam</span> <span class='ocrx_word' id='word_1_138' title='bbox 846 1991 1006 2073; x_wconf 85' lang='lat' dir='ltr'>scriptoris</span> <span class='ocrx_word' id='word_1_139' title='bbox 1024 1991 1195 2055; x_wconf 82' lang='lat' dir='ltr'>desideres.</span> 
     </span>
     <span class='ocr_line' id='line_1_20' title="bbox 249 2014 1195 2159; baseline -0.002 -20"><span class='ocrx_word' id='word_1_140' title='bbox 249 2014 349 2139; x_wconf 74' lang='lat' dir='ltr'>l&#39;elut</span> <span class='ocrx_word' id='word_1_141' title='bbox 368 2075 397 2138; x_wconf 89' lang='lat' dir='ltr'>si</span> <span class='ocrx_word' id='word_1_142' title='bbox 414 2075 484 2159; x_wconf 89' lang='lat' dir='ltr'>quis</span> <span class='ocrx_word' id='word_1_143' title='bbox 507 2073 546 2134; x_wconf 91' lang='lat' dir='ltr'>de</span> <span class='ocrx_word' id='word_1_144' title='bbox 566 2073 706 2135; x_wconf 91' lang='lat' dir='ltr'>maximo</span> <span class='ocrx_word' id='word_1_145' title='bbox 726 2071 839 2135; x_wconf 87' lang='lat' dir='ltr'>horum</span> <span class='ocrx_word' id='word_1_146' title='bbox 861 2084 1035 2157; x_wconf 89' lang='lat' dir='ltr'>temporum</span> <span class='ocrx_word' id='word_1_147' title='bbox 1054 2072 1195 2153; x_wconf 91' lang='lat' dir='ltr'>homine,</span> 
     </span>
     <span class='ocr_line' id='line_1_21' title="bbox 247 2153 1208 2245; baseline -0.006 -23"><span class='ocrx_word' id='word_1_148' title='bbox 247 2156 434 2245; x_wconf 90' lang='lat' dir='ltr'>Napoleone</span> <span class='ocrx_word' id='word_1_149' title='bbox 452 2154 655 2242; x_wconf 85' lang='lat' dir='ltr'>Imperatore,</span> <span class='ocrx_word' id='word_1_150' title='bbox 674 2153 812 2219; x_wconf 88' lang='lat' dir='ltr'>scribere</span> <span class='ocrx_word' id='word_1_151' title='bbox 834 2177 1014 2241; x_wconf 82' lang='lat' dir='ltr'>aggressus,</span> <span class='ocrx_word' id='word_1_152' title='bbox 1034 2158 1134 2222; x_wconf 87' lang='lat' dir='ltr'>multa</span> <span class='ocrx_word' id='word_1_153' title='bbox 1154 2162 1208 2226; x_wconf 56' lang='lat' dir='ltr'>de&gt;</span> 
     </span>
     <span class='ocr_line' id='line_1_22' title="bbox 246 2238 1193 2327; baseline 0.002 -22"><span class='ocrx_word' id='word_1_154' title='bbox 246 2240 331 2306; x_wconf 91' lang='lat' dir='ltr'>illius</span> <span class='ocrx_word' id='word_1_155' title='bbox 348 2242 525 2327; x_wconf 87' lang='lat' dir='ltr'>prudentio,</span> <span class='ocrx_word' id='word_1_156' title='bbox 542 2238 735 2317; x_wconf 86' lang='lat' dir='ltr'>fortitudine,</span> <span class='ocrx_word' id='word_1_157' title='bbox 752 2242 882 2324; x_wconf 75' lang='lat' dir='ltr'>ingenio</span> <span class='ocrx_word' id='word_1_158' title='bbox 902 2241 1107 2325; x_wconf 84' lang='lat' dir='ltr'>praedicaret,</span> <span class='ocrx_word' id='word_1_159' title='bbox 1127 2264 1193 2310; x_wconf 90' lang='lat' dir='ltr'>non</span> 
     </span>
     <span class='ocr_line' id='line_1_23' title="bbox 246 2323 1194 2404; baseline 0.002 -14"><span class='ocrx_word' id='word_1_160' title='bbox 246 2326 330 2390; x_wconf 93' lang='lat' dir='ltr'>idem</span> <span class='ocrx_word' id='word_1_161' title='bbox 351 2328 500 2389; x_wconf 88' lang='lat' dir='ltr'>continuo</span> <span class='ocrx_word' id='word_1_162' title='bbox 521 2323 660 2387; x_wconf 89' lang='lat' dir='ltr'>mendax</span> <span class='ocrx_word' id='word_1_163' title='bbox 678 2337 711 2387; x_wconf 89' lang='lat' dir='ltr'>et</span> <span class='ocrx_word' id='word_1_164' title='bbox 729 2323 899 2387; x_wconf 89' lang='lat' dir='ltr'>maledicus</span> <span class='ocrx_word' id='word_1_165' title='bbox 916 2323 1080 2404; x_wconf 88' lang='lat' dir='ltr'>habeatur,</span> <span class='ocrx_word' id='word_1_166' title='bbox 1099 2330 1127 2390; x_wconf 88' lang='lat' dir='ltr'>si</span> <span class='ocrx_word' id='word_1_167' title='bbox 1145 2328 1194 2393; x_wconf 92' lang='lat' dir='ltr'>illi</span> 
     </span>
     <span class='ocr_line' id='line_1_24' title="bbox 247 2407 1193 2497; baseline 0.002 -23"><span class='ocrx_word' id='word_1_168' title='bbox 247 2409 471 2484; x_wconf 79' lang='lat' dir='ltr'>crudelitatem,</span> <span class='ocrx_word' id='word_1_169' title='bbox 489 2409 686 2484; x_wconf 88' lang='lat' dir='ltr'>iniustitiam,</span> <span class='ocrx_word' id='word_1_170' title='bbox 704 2407 918 2483; x_wconf 90' lang='lat' dir='ltr'>ambitionem,</span> <span class='ocrx_word' id='word_1_171' title='bbox 937 2409 1035 2474; x_wconf 90' lang='lat' dir='ltr'>multa</span> <span class='ocrx_word' id='word_1_172' title='bbox 1054 2413 1193 2497; x_wconf 78' lang='lat' dir='ltr'>pessima</span> 
     </span>
     <span class='ocr_line' id='line_1_25' title="bbox 245 2488 1192 2577; baseline 0.004 -21"><span class='ocrx_word' id='word_1_173' title='bbox 245 2495 387 2558; x_wconf 83' lang='lat' dir='ltr'>facinora</span> <span class='ocrx_word' id='word_1_174' title='bbox 408 2490 657 2576; x_wconf 83' lang='lat' dir='ltr'>exprobraverit.</span> <span class='ocrx_word' id='word_1_175' title='bbox 706 2488 812 2566; x_wconf 76' lang='lat' dir='ltr'>Quidt</span> <span class='ocrx_word' id='word_1_176' title='bbox 840 2493 922 2576; x_wconf 89' lang='lat' dir='ltr'>quod</span> <span class='ocrx_word' id='word_1_177' title='bbox 951 2492 1102 2577; x_wconf 85' lang='lat' dir='ltr'>Polybius</span> <span class='ocrx_word' id='word_1_178' title='bbox 1131 2498 1192 2561; x_wconf 88' lang='lat' dir='ltr'>im·</span> 
     </span>
     <span class='ocr_line' id='line_1_26' title="bbox 244 2574 1192 2664; baseline 0.003 -23"><span class='ocrx_word' id='word_1_179' title='bbox 244 2580 419 2664; x_wconf 87' lang='lat' dir='ltr'>peratorias</span> <span class='ocrx_word' id='word_1_180' title='bbox 431 2575 567 2661; x_wconf 89' lang='lat' dir='ltr'>Philippi</span> <span class='ocrx_word' id='word_1_181' title='bbox 583 2577 714 2638; x_wconf 83' lang='lat' dir='ltr'>virtutes</span> <span class='ocrx_word' id='word_1_182' title='bbox 733 2577 779 2639; x_wconf 91' lang='lat' dir='ltr'>sic</span> <span class='ocrx_word' id='word_1_183' title='bbox 796 2574 951 2660; x_wconf 82' lang='lat' dir='ltr'>probarit,</span> <span class='ocrx_word' id='word_1_184' title='bbox 969 2590 1004 2639; x_wconf 90' lang='lat' dir='ltr'>nt</span> <span class='ocrx_word' id='word_1_185' title='bbox 1022 2581 1099 2642; x_wconf 87' lang='lat' dir='ltr'>vitia</span> <span class='ocrx_word' id='word_1_186' title='bbox 1121 2582 1192 2645; x_wconf 79' lang='lat' dir='ltr'>eius</span> 
     </span>
     <span class='ocr_line' id='line_1_27' title="bbox 245 2658 1191 2744; baseline 0.003 -19"><span class='ocrx_word' id='word_1_187' title='bbox 245 2661 297 2725; x_wconf 88' lang='lat' dir='ltr'>vel</span> <span class='ocrx_word' id='word_1_188' title='bbox 316 2664 455 2725; x_wconf 86' lang='lat' dir='ltr'>maxima</span> <span class='ocrx_word' id='word_1_189' title='bbox 468 2663 616 2744; x_wconf 80' lang='lat' dir='ltr'>ignorare</span> <span class='ocrx_word' id='word_1_190' title='bbox 635 2659 687 2722; x_wconf 88' lang='lat' dir='ltr'>vel</span> <span class='ocrx_word' id='word_1_191' title='bbox 701 2658 897 2723; x_wconf 89' lang='lat' dir='ltr'>dissimulare</span> <span class='ocrx_word' id='word_1_192' title='bbox 917 2661 1071 2725; x_wconf 87' lang='lat' dir='ltr'>videatur.</span> <span class='ocrx_word' id='word_1_193' title='bbox 1107 2661 1191 2728; x_wconf 89' lang='lat' dir='ltr'>Nam</span> 
     </span>
     <span class='ocr_line' id='line_1_28' title="bbox 245 2737 1190 2830; baseline 0.003 -23"><span class='ocrx_word' id='word_1_194' title='bbox 245 2742 486 2830; x_wconf 82' lang='lat' dir='ltr'>Theopompum</span> <span class='ocrx_word' id='word_1_195' title='bbox 506 2744 545 2806; x_wconf 93' lang='lat' dir='ltr'>de</span> <span class='ocrx_word' id='word_1_196' title='bbox 566 2745 696 2828; x_wconf 88' lang='lat' dir='ltr'>ingenio</span> <span class='ocrx_word' id='word_1_197' title='bbox 716 2742 853 2828; x_wconf 88' lang='lat' dir='ltr'>Philippi</span> <span class='ocrx_word' id='word_1_198' title='bbox 878 2743 976 2809; x_wconf 91' lang='lat' dir='ltr'>multo</span> <span class='ocrx_word' id='word_1_199' title='bbox 1002 2748 1118 2809; x_wconf 82' lang='lat' dir='ltr'>rectius</span> <span class='ocrx_word' id='word_1_200' title='bbox 1139 2737 1190 2811; x_wconf 65' lang='lat' dir='ltr'>iul</span> 
     </span>
     <span class='ocr_line' id='line_1_29' title="bbox 243 2829 1189 2915; baseline 0.003 -22"><span class='ocrx_word' id='word_1_201' title='bbox 243 2829 377 2904; x_wconf 86' lang='lat' dir='ltr'>dicasse,</span> <span class='ocrx_word' id='word_1_202' title='bbox 398 2841 430 2891; x_wconf 90' lang='lat' dir='ltr'>et</span> <span class='ocrx_word' id='word_1_203' title='bbox 440 2831 544 2890; x_wconf 87' lang='lat' dir='ltr'>sciunt</span> <span class='ocrx_word' id='word_1_204' title='bbox 562 2830 597 2904; x_wconf 93' lang='lat' dir='ltr'>ii,</span> <span class='ocrx_word' id='word_1_205' title='bbox 618 2829 670 2912; x_wconf 84' lang='lat' dir='ltr'>qui</span> <span class='ocrx_word' id='word_1_206' title='bbox 683 2829 751 2890; x_wconf 91' lang='lat' dir='ltr'>eius</span> <span class='ocrx_word' id='word_1_207' title='bbox 772 2829 843 2889; x_wconf 92' lang='lat' dir='ltr'>aevi</span> <span class='ocrx_word' id='word_1_208' title='bbox 860 2842 1064 2893; x_wconf 86' lang='lat' dir='ltr'>monumenta</span> <span class='ocrx_word' id='word_1_209' title='bbox 1081 2831 1189 2915; x_wconf 89' lang='lat' dir='ltr'>paullo</span> 
     </span>
     <span class='ocr_line' id='line_1_30' title="bbox 243 2911 1189 2997; baseline 0.005 -22"><span class='ocrx_word' id='word_1_210' title='bbox 243 2912 425 2997; x_wconf 87' lang='lat' dir='ltr'>diligentius</span> <span class='ocrx_word' id='word_1_211' title='bbox 443 2923 665 2987; x_wconf 84' lang='lat' dir='ltr'>tractaverunt,</span> <span class='ocrx_word' id='word_1_212' title='bbox 695 2923 728 2974; x_wconf 87' lang='lat' dir='ltr'>et</span> <span class='ocrx_word' id='word_1_213' title='bbox 747 2911 967 2977; x_wconf 86' lang='lat' dir='ltr'>demonstrabo</span> <span class='ocrx_word' id='word_1_214' title='bbox 988 2925 1054 2977; x_wconf 91' lang='lat' dir='ltr'>tum</span> <span class='ocrx_word' id='word_1_215' title='bbox 1071 2916 1106 2976; x_wconf 95' lang='lat' dir='ltr'>in</span> <span class='ocrx_word' id='word_1_216' title='bbox 1124 2915 1189 2980; x_wconf 84' lang='lat' dir='ltr'>fra-</span> 
     </span>
     <span class='ocr_line' id='line_1_31' title="bbox 242 2996 1189 3082; baseline 0.003 -22"><span class='ocrx_word' id='word_1_217' title='bbox 242 2999 389 3082; x_wconf 81' lang='lat' dir='ltr'>gmentis,</span> <span class='ocrx_word' id='word_1_218' title='bbox 408 3008 472 3058; x_wconf 88' lang='lat' dir='ltr'>tum</span> <span class='ocrx_word' id='word_1_219' title='bbox 488 2997 622 3060; x_wconf 89' lang='lat' dir='ltr'>fortasse</span> <span class='ocrx_word' id='word_1_220' title='bbox 640 2996 825 3072; x_wconf 84' lang='lat' dir='ltr'>accuratius,</span> <span class='ocrx_word' id='word_1_221' title='bbox 846 2997 1024 3082; x_wconf 87' lang='lat' dir='ltr'>siquando,</span> <span class='ocrx_word' id='word_1_222' title='bbox 1041 2999 1125 3082; x_wconf 91' lang='lat' dir='ltr'>quod</span> <span class='ocrx_word' id='word_1_223' title='bbox 1140 3012 1189 3063; x_wconf 85' lang='lat' dir='ltr'>est</span> 
     </span>
     <span class='ocr_line' id='line_1_32' title="bbox 241 3078 1188 3165; baseline 0.004 -21"><span class='ocrx_word' id='word_1_224' title='bbox 241 3084 275 3144; x_wconf 92' lang='lat' dir='ltr'>in</span> <span class='ocrx_word' id='word_1_225' title='bbox 295 3082 389 3156; x_wconf 71' lang='lat' dir='ltr'>vodo,</span> <span class='ocrx_word' id='word_1_226' title='bbox 409 3078 546 3165; x_wconf 91' lang='lat' dir='ltr'>Philippi</span> <span class='ocrx_word' id='word_1_227' title='bbox 563 3078 726 3142; x_wconf 85' lang='lat' dir='ltr'>historiam</span> <span class='ocrx_word' id='word_1_228' title='bbox 745 3079 842 3142; x_wconf 85' lang='lat' dir='ltr'>edere</span> <span class='ocrx_word' id='word_1_229' title='bbox 862 3081 1038 3164; x_wconf 82' lang='lat' dir='ltr'>contigerit.</span> <span class='ocrx_word' id='word_1_230' title='bbox 1079 3078 1188 3148; x_wconf 89' lang='lat' dir='ltr'>Unum</span> 
     </span>
     <span class='ocr_line' id='line_1_33' title="bbox 241 3161 1188 3250; baseline 0.002 -22"><span class='ocrx_word' id='word_1_231' title='bbox 241 3186 306 3228; x_wconf 92' lang='lat' dir='ltr'>non</span> <span class='ocrx_word' id='word_1_232' title='bbox 333 3165 553 3250; x_wconf 88' lang='lat' dir='ltr'>praestiterim,</span> <span class='ocrx_word' id='word_1_233' title='bbox 583 3162 765 3249; x_wconf 89' lang='lat' dir='ltr'>quodcum</span> <span class='ocrx_word' id='word_1_234' title='bbox 793 3161 944 3245; x_wconf 84' lang='lat' dir='ltr'>Polybius</span> <span class='ocrx_word' id='word_1_235' title='bbox 972 3161 1079 3228; x_wconf 90' lang='lat' dir='ltr'>verbis</span> <span class='ocrx_word' id='word_1_236' title='bbox 1106 3187 1188 3230; x_wconf 87' lang='lat' dir='ltr'>non-</span> 
     </span>
     <span class='ocr_line' id='line_1_34' title="bbox 241 3247 1186 3334; baseline 0.003 -23"><span class='ocrx_word' id='word_1_237' title='bbox 241 3269 400 3334; x_wconf 89' lang='lat' dir='ltr'>nunquam</span> <span class='ocrx_word' id='word_1_238' title='bbox 427 3250 531 3311; x_wconf 89' lang='lat' dir='ltr'>minus</span> <span class='ocrx_word' id='word_1_239' title='bbox 566 3247 751 3311; x_wconf 86' lang='lat' dir='ltr'>verecundis</span> <span class='ocrx_word' id='word_1_240' title='bbox 776 3267 868 3311; x_wconf 91' lang='lat' dir='ltr'>usum</span> <span class='ocrx_word' id='word_1_241' title='bbox 900 3268 970 3310; x_wconf 86' lang='lat' dir='ltr'>esse</span> <span class='ocrx_word' id='word_1_242' title='bbox 997 3252 1116 3333; x_wconf 80' lang='lat' dir='ltr'>arguit:</span> <span class='ocrx_word' id='word_1_243' title='bbox 1150 3253 1186 3314; x_wconf 89' lang='lat' dir='ltr'>in</span> 
     </span>
     <span class='ocr_line' id='line_1_35' title="bbox 240 3329 1187 3419; baseline 0.002 -24"><span class='ocrx_word' id='word_1_244' title='bbox 240 3354 302 3419; x_wconf 88' lang='lat' dir='ltr'>qno</span> <span class='ocrx_word' id='word_1_245' title='bbox 324 3331 378 3396; x_wconf 90' lang='lat' dir='ltr'>ille</span> <span class='ocrx_word' id='word_1_246' title='bbox 397 3354 508 3416; x_wconf 90' lang='lat' dir='ltr'>parum</span> <span class='ocrx_word' id='word_1_247' title='bbox 534 3330 656 3415; x_wconf 81' lang='lat' dir='ltr'>ingenii</span> <span class='ocrx_word' id='word_1_248' title='bbox 684 3334 733 3394; x_wconf 92' lang='lat' dir='ltr'>sui</span> <span class='ocrx_word' id='word_1_249' title='bbox 757 3329 972 3394; x_wconf 89' lang='lat' dir='ltr'>vehementiae</span> <span class='ocrx_word' id='word_1_250' title='bbox 999 3332 1187 3398; x_wconf 87' lang='lat' dir='ltr'>moderaba-</span> 
     </span>
     <span class='ocr_line' id='line_1_36' title="bbox 239 3412 1186 3504; baseline 0.002 -25"><span class='ocrx_word' id='word_1_251' title='bbox 239 3429 300 3479; x_wconf 89' lang='lat' dir='ltr'>tur.</span> <span class='ocrx_word' id='word_1_252' title='bbox 339 3412 434 3490; x_wconf 81' lang='lat' dir='ltr'>Quod</span> <span class='ocrx_word' id='word_1_253' title='bbox 454 3428 557 3480; x_wconf 88' lang='lat' dir='ltr'>autem</span> <span class='ocrx_word' id='word_1_254' title='bbox 575 3415 661 3478; x_wconf 87' lang='lat' dir='ltr'>addit</span> <span class='ocrx_word' id='word_1_255' title='bbox 677 3412 841 3497; x_wconf 84' lang='lat' dir='ltr'>Polybius,</span> <span class='ocrx_word' id='word_1_256' title='bbox 865 3436 935 3477; x_wconf 92' lang='lat' dir='ltr'>eum</span> <span class='ocrx_word' id='word_1_257' title='bbox 958 3414 1087 3494; x_wconf 82' lang='lat' dir='ltr'>relictis,</span> <span class='ocrx_word' id='word_1_258' title='bbox 1105 3439 1186 3504; x_wconf 75' lang='lat' dir='ltr'>quan</span> 
     </span>
     <span class='ocr_line' id='line_1_37' title="bbox 238 3497 1185 3584; baseline 0.004 -22"><span class='ocrx_word' id='word_1_259' title='bbox 238 3498 461 3577; x_wconf 89' lang='lat' dir='ltr'>inchoaverat,</span> <span class='ocrx_word' id='word_1_260' title='bbox 489 3498 584 3562; x_wconf 89' lang='lat' dir='ltr'>rebus</span> <span class='ocrx_word' id='word_1_261' title='bbox 611 3497 742 3562; x_wconf 85' lang='lat' dir='ltr'>Graecis</span> <span class='ocrx_word' id='word_1_262' title='bbox 778 3498 818 3563; x_wconf 90' lang='lat' dir='ltr'>ad</span> <span class='ocrx_word' id='word_1_263' title='bbox 850 3497 986 3584; x_wconf 90' lang='lat' dir='ltr'>Philippi</span> <span class='ocrx_word' id='word_1_264' title='bbox 1020 3499 1185 3567; x_wconf 87' lang='lat' dir='ltr'>historiam</span> 
     </span>
     <span class='ocr_line' id='line_1_38' title="bbox 239 3580 1185 3669; baseline 0.002 -22"><span class='ocrx_word' id='word_1_265' title='bbox 239 3586 396 3660; x_wconf 85' lang='lat' dir='ltr'>transiise,</span> <span class='ocrx_word' id='word_1_266' title='bbox 426 3605 520 3669; x_wconf 91' lang='lat' dir='ltr'>quum</span> <span class='ocrx_word' id='word_1_267' title='bbox 545 3585 668 3646; x_wconf 87' lang='lat' dir='ltr'>externi</span> <span class='ocrx_word' id='word_1_268' title='bbox 693 3580 829 3647; x_wconf 83' lang='lat' dir='ltr'>hominis</span> <span class='ocrx_word' id='word_1_269' title='bbox 853 3580 948 3646; x_wconf 85' lang='lat' dir='ltr'>rebus</span> <span class='ocrx_word' id='word_1_270' title='bbox 968 3587 1067 3668; x_wconf 85' lang='lat' dir='ltr'>gestis</span> <span class='ocrx_word' id='word_1_271' title='bbox 1084 3584 1185 3649; x_wconf 87' lang='lat' dir='ltr'>histo-</span> 
     </span>
     <span class='ocr_line' id='line_1_39' title="bbox 237 3665 1184 3753; baseline 0.002 -23"><span class='ocrx_word' id='word_1_272' title='bbox 237 3669 316 3731; x_wconf 91' lang='lat' dir='ltr'>riam</span> <span class='ocrx_word' id='word_1_273' title='bbox 337 3667 532 3753; x_wconf 91' lang='lat' dir='ltr'>popularium</span> <span class='ocrx_word' id='word_1_274' title='bbox 553 3666 712 3753; x_wconf 86' lang='lat' dir='ltr'>praeferre</span> <span class='ocrx_word' id='word_1_275' title='bbox 734 3665 908 3730; x_wconf 87' lang='lat' dir='ltr'>debuisset:</span> <span class='ocrx_word' id='word_1_276' title='bbox 934 3668 966 3730; x_wconf 93' lang='lat' dir='ltr'>id</span> <span class='ocrx_word' id='word_1_277' title='bbox 987 3689 1029 3731; x_wconf 84' lang='lat' dir='ltr'>an</span> <span class='ocrx_word' id='word_1_278' title='bbox 1050 3667 1184 3732; x_wconf 80' lang='lat' dir='ltr'>Graecis</span> 
     </span>
     <span class='ocr_line' id='line_1_40' title="bbox 258 3748 1182 3836; baseline 0.002 -22"><span class='ocrx_word' id='word_1_279' title='bbox 258 3750 399 3828; x_wconf 89' lang='lat' dir='ltr'>lacuerit,</span> <span class='ocrx_word' id='word_1_280' title='bbox 420 3748 546 3825; x_wconf 87' lang='lat' dir='ltr'>dubito;</span> <span class='ocrx_word' id='word_1_281' title='bbox 569 3749 662 3815; x_wconf 87' lang='lat' dir='ltr'>nobis</span> <span class='ocrx_word' id='word_1_282' title='bbox 689 3751 812 3836; x_wconf 87' lang='lat' dir='ltr'>quidem</span> <span class='ocrx_word' id='word_1_283' title='bbox 831 3748 1025 3815; x_wconf 86' lang='lat' dir='ltr'>levissimum</span> <span class='ocrx_word' id='word_1_284' title='bbox 1046 3753 1182 3816; x_wconf 88' lang='lat' dir='ltr'>videtur.</span> 
     </span>
     <span class='ocr_line' id='line_1_41' title="bbox 237 3773 1195 3924; baseline 0.001 -24"><span class='ocrx_word' id='word_1_285' title='bbox 237 3773 290 3900; x_wconf 74' lang='lat' dir='ltr'>bx</span> <span class='ocrx_word' id='word_1_286' title='bbox 308 3857 370 3924; x_wconf 87' lang='lat' dir='ltr'>quo</span> <span class='ocrx_word' id='word_1_287' title='bbox 389 3836 452 3900; x_wconf 86' lang='lat' dir='ltr'>nisi</span> <span class='ocrx_word' id='word_1_288' title='bbox 469 3833 510 3900; x_wconf 85' lang='lat' dir='ltr'>ab</span> <span class='ocrx_word' id='word_1_289' title='bbox 532 3836 748 3901; x_wconf 88' lang='lat' dir='ltr'>inimicissimo</span> <span class='ocrx_word' id='word_1_290' title='bbox 770 3847 813 3913; x_wconf 89' lang='lat' dir='ltr'>et,</span> <span class='ocrx_word' id='word_1_291' title='bbox 849 3848 885 3900; x_wconf 92' lang='lat' dir='ltr'>ut</span> <span class='ocrx_word' id='word_1_292' title='bbox 908 3837 1047 3922; x_wconf 82' lang='lat' dir='ltr'>ingenue</span> <span class='ocrx_word' id='word_1_293' title='bbox 1067 3835 1195 3915; x_wconf 75' lang='lat' dir='ltr'>dicam,</span> 
     </span>
    </p>
   </div>
   <div class='ocr_carea' id='block_1_3' title="bbox 0 0 1272 4658">
    <p class='ocr_par' dir='ltr' id='par_1_3' title="bbox 0 0 1272 4658">
     <span class='ocr_line' id='line_1_42' title="bbox 0 0 1272 4658; baseline 0 8"><span class='ocrx_word' id='word_1_294' title='bbox 0 0 1272 4658; x_wconf 95' lang='lat' dir='ltr'> </span> 
     </span>
    </p>
   </div>
  </div>
 </body>
</html>
