2534 4658
609 423 817 482 ...22-

244 611 285 655 ne
308 588 396 653 illurn
420 587 656 677 philosophiae,
692 585 873 654 Platonicae
907 585 1048 670 quidem,
1077 585 1188 651 admo·

245 687 319 752 dum
339 685 457 750 favisse
474 688 687 773 suspicemur,
707 686 782 749 facit
800 681 941 760 libellus,
963 704 1056 769 quem
1074 697 1188 770 postea

245 796 353 849 contra
377 781 558 858 Platonem,
586 785 770 846 acerrimum
794 780 954 846 rhetorum
981 782 1111 867 eiusque
1138 781 1193 843 vi-

244 896 295 944 tae
313 879 465 955 instituti,
494 877 577 964 quod
595 891 720 965 praeter
746 891 867 941 eeteros
890 875 1116 964 Theopompus
1136 897 1189 940 se·

246 989 360 1062 quotus
374 969 446 1052 est,
473 975 703 1052 adversarium,
728 975 835 1038 edidit.
880 971 984 1051 Quint
1010 974 1094 1059 quod
1120 971 1192 1036 bel·.

244 1069 309 1137 lum
327 1091 428 1157 paene
448 1068 687 1155 Isocratioorum
706 1071 826 1137 familia
849 1070 895 1135 illi
914 1069 1124 1156 sophistarum
1143 1071 1194 1132 ir··

244 1169 337 1239 riseri
353 1167 508 1234 indixisse
534 1157 686 1232 videatur.
735 1166 817 1232 Nam
841 1165 1076 1253 Cephisodotus
1110 1187 1189 1252 quo-

248 1285 326 1351 que,
353 1263 524 1356 discipulus
547 1279 579 1330 et
605 1269 674 1355 ipsa
702 1263 865 1343 Isocratis,
893 1277 1003 1329 contra
1022 1263 1190 1327 Platonem

170 1360 175 1421 ',
246 1353 385 1446 scripsit,
405 1362 431 1448 ¹)
456 1362 603 1449 idemque
628 1361 829 1429 Aristotelem
851 1375 996 1450 quattuor
1021 1357 1109 1423 libris
1128 1361 1188 1423 im-

245 1458 407 1542 pugnavit.
426 1461 458 1537 ²)
503 1487 505 1490 >

250 1544 253 1548 Α
300 1546 302 1550 ’
327 1553 466 1622 Primum
485 1553 689 1644 eloquentiae·
709 1558 869 1642 specimen
889 1551 1116 1642 Theopompus
1133 1552 1189 1614 de·

248 1649 334 1713 disse
359 1650 488 1716 videtur·
506 1653 546 1714 in
574 1649 656 1717 ludis
686 1650 888 1730 funebribus,
916 1649 1072 1728 Mausoli,
1101 1652 1189 1734 regis

248 1742 378 1824 Cariae,
410 1745 524 1812 honori
548 1743 592 1815 'ah
616 1749 685 1812 eius
710 1770 819 1815 sorore
847 1749 1020 1834 eademque
1052 1750 1189 1832 coniuge

247 1839 417 1912 Artemisia
442 1845 602 1912 institutis.
634 1842 751 1913 Nemo
778 1848 880 1911 nescit
896 1843 1075 1910 masculam
1092 1840 1195 1909 illam:

248 1939 415 2016 feminam,
435 1938 607 2026 Lygdaruis
627 1938 742 2020 fiham,
769 1963 849 2028 quae
867 1964 965 2028 quum
985 1940 1195 2007 floreamus-

249 2037 403 2114 sensium,
430 2034 586 2114 Coorum‘,
612 2033 811 2126 Nisyriorurn
836 2051 869 2102 et
888 2035 1112 2120 Calydniorum
1131 2040 1191 2101 im·

248 2135 370 2218 periura
395 2153 415 2196 a
440 2136 552 2203 marito
575 2141 743 2220 'acceptum
760 2128 966 2211 obtinuisset,
999 2154 1040 2196 ne
1058 2131 1193 2200 bellicos
1237 2203 1239 2206 ,

251 2229 375 2315 quidem
391 2228 738 2328 tumultuspertirnuit,
759 2227 946 2318 Xerxiquo,
972 2252 1067 2317 quum
1088 2230 1190 2294 Grae-

251 2325 319 2387 ciae
347 2322 462 2390 bellum
480 2325 627 2407 inferret,
648 2327 788 2395 multum·
802 2339 834 2395 et
860 2327 1027 2412 prudentia
1047 2341 1080 2391 et
1099 2328 1191 2392 forti·

250 2421 357 2490 tudina
376 2421 501 2512 proisit.
516 2422 546 2507 ³)
593 2424 697 2494 Huius
717 2428 751 2490 in
771 2445 885 2490 nomen
906 2445 1101 2511 regulusque
1118 2445 1190 2491 sae-

251 2516 322 2582 eulo
343 2519 410 2586 fero
430 2532 503 2607 post
520 2524 671 2591 suecessit
685 2520 759 2599 illa,
786 2521 825 2585 de
854 2543 916 2607 qua
944 2542 1002 2585 nos
1022 2520 1190 2610 loquimur,

251 2611 319 2678 filia
335 2614 541 2696 Hecatomni,
560 2620 726 2709 quiquam
742 2615 875 2700 Mylasis
894 2618 1028 2702 parrum
1047 2619 1198 2713 dominp.

251 2723 346 2790 retur,
360 2712 392 2799 ⁴)
416 2726 591 2804 temporum
616 2713 675 2779 sub
703 2713 886 2778 Artaxerxe
904 2713 1196 2779 Maesone-ouili·-

253 2808 327 2887 dus,
360 2809 427 2879 fere
452 2813 620 2879 universae
650 2810 765 2876 Cariae
792 2812 957 2895 imperium
976 2823 1108 2877 >nactus
1128 2824 1190 2892 est,

253 2925 311 2969 nee
332 2920 442 2976 tamen
468 2906 519 2971 rel
545 2909 648 2992 gratia
671 2905 769 2993 Regis
796 2906 850 2974 rel·
877 2909 971 2973 urinis
1000 2920 1033 2970 et
1055 2908 1196 2993 imperio.

251 3006 371 3068 moveri
389 3007 512 3091 potuit,
526 3016 561 3067 nt
577 3004 770 3093 Euagoram‚
788 3003 828 3069 oh
849 3006 1190 3091 delectionemxmngna

321 3329 347 3392 ¹)
367 3328 481 3396 Dionys.
499 3325 561 3384 vot.
577 3325 623 3379 Vl.
642 3343 668 3396 p.
687 3326 750 3381 ⁷57.

320 3439 346 3522 ².)
363 3440 459 3495 utnon.
480 3441 512 3493 u.
527 3455 553 3510 p.
570 3441 616 3505 oo
631 3441 666 3495 u.
692 3421 834 3519 ,prena
855 3422 931 3495 orae
949 3430 1044 3495 xxm.
1061 3456 1087 3511 p.
1105 3408 1169 3495 288.

320 3549 347 3618 a)
362 3556 495 3608 nemrot
511 3554 571 3618 vu,
587 3554 631 3614 eo,
649 3522 720 3619 v'u‘r,
732 3528 776 3608 ετξ
791 3551 835 3606 88.
856 3530 1025 3606 ror-ross
1053 3554 1187 3624 narpoer.

255 3644 283 3690 et
302 3636 376 3691 Suid.
394 3653 416 3688 s.
432 3653 458 3687 v.
493 3637 618 3691 liniunt
689 3637 759 3725 'piae
781 3640 909 3702 nepotem
926 3635 1081 3705 Lygdaurin
1098 3637 1185 3721 liero-

255 3719 334 3773 dotus
353 3732 437 3786 regno
456 3719 579 3784 privarit.
615 3717 691 3792 Suari.
708 3734 731 3770 s.
750 3732 775 3769 v.
786 3711 948 3802 ‘Reddam

321 3830 713 3915 esurumvp3aoa„
858 3906 862 3915 ι
901 3880 906 3891 .
953 3910 956 3917 ¹
1022 3804 1025 3816 ’
