2534 4658
607 368 817 432 -6-

244 541 418 617 bitatione
442 514 610 638 expedii,
634 549 672 612 et
693 562 774 612 rem
801 518 980 613 eiusmodi
1000 523 1108 635 elegi,
1140 541 1188 614 de

245 687 318 762 qua
354 664 548 762 postremis
591 662 664 736 illis
709 659 1020 759 acerbissimisque
1059 663 1187 738 diebus

243 786 400 859 multum
430 795 594 856 nostrum
624 805 829 856 sermonem
856 785 969 857 foisse
1000 787 1188 860 meminis-

244 930 333 981 sem.
381 905 507 979 Prodit
527 905 655 999 igitur,
686 926 780 999 quae
804 902 1031 1002 Tibialiqua
1051 910 1187 982 veteris

153 1070 156 1075 ·
244 1025 514 1101 consuetudinis
542 1035 631 1096 nota
661 1022 889 1114 blandiatur,
929 1038 966 1098 et
995 1025 1113 1100 Tuam
1143 1031 1187 1101 il·

243 1151 318 1222 lam
340 1147 606 1221 humanitatem
637 1145 706 1218 sibi
727 1136 895 1243 eripetat,
927 1153 1186 1224 commentatio

243 1271 291 1344 de
311 1269 547 1369 Theopompo
571 1267 679 1342 Chio:
694 1269 802 1341 cuius
823 1267 981 1344 hominis
1003 1270 1050 1343 de
1070 1274 1193 1348 virtu·

244 1393 339 1466 tibus
375 1393 428 1465 ita
464 1390 518 1464 Te
555 1388 718 1461 iudicare
754 1390 940 1481 intellexi,
973 1403 1015 1466 ut
1044 1391 1186 1469 consilii

243 1515 317 1587 mei
345 1514 524 1586 rationem
559 1512 746 1608 explicare
779 1531 823 1584 ac
860 1511 1057 1593 delendere
1094 1519 1195 1592 nihil.

243 1658 336 1732 opus
356 1659 436 1723 esse
458 1633 638 1709 videatur.
685 1632 782 1707 Illud
794 1655 940 1725 vereor,
960 1659 1008 1708 ne
1032 1638 1066 1709 ei
1081 1662 1185 1714 caus-

242 1778 318 1847 sae,
342 1758 444 1830 cuius
463 1756 606 1853 suscepi
629 1757 881 1860 patrocinium,
909 1782 985 1832 non
1011 1756 1185 1834 idoneam

242 1878 304 1954 vel
336 1877 635 1951 exercitationem
676 1876 738 1950 vel
768 1876 981 1952 facultatem
1019 1882 1186 1956 attulisse

241 1998 381 2073 videar.
416 1995 513 2073 Nam
527 2021 593 2092 ego
610 2020 710 2087 sane,
734 2000 882 2078 tametsi
895 2000 976 2089 scis,
1000 2022 1094 2097 quae
1117 2027 1185 2099 ego

241 2119 384 2194 dehoc
414 2143 545 2215 genere
573 2119 775 2192 litterarum
810 2117 970 2215 quotidie
1000 2144 1186 2200 commen-

241 2245 312 2317 tan'
335 2244 485 2331 soleam,
514 2251 640 2341 tamen
659 2240 725 2333 illa
751 2240 930 2312 meliusne
960 2242 1000 2314 in
1021 2267 1105 2319 mea
1125 2272 1185 2322 so·

240 2363 393 2438 litudine
422 2361 646 2450 delitescant,
672 2383 722 2432 an
753 2361 794 2432 in
819 2361 937 2434 lucem
960 2365 1184 2460 emittantur,

239 2483 476 2560 vehementer
508 2506 619 2580 saepe
655 2481 792 2556 dubito.
852 2479 1081 2582 Quamquam
1112 2512 1185 2586 qua

131 2598 134 2603 ’
238 2606 460 2682 lunatione
492 2604 561 2679 hoc
582 2627 707 2677 meum
735 2605 993 2678 munusculum
1017 2622 1183 2707 accepto-

238 2752 301 2805 rus
333 2731 401 2818 sis,
436 2728 559 2801 nunus
587 2748 719 2820 angor:
759 2735 920 2799 ceterum
952 2750 1011 2802 res
1040 2730 1193 2826 integra,

240 2863 395 2942 estnec
417 2849 601 2947 profecto,
629 2849 662 2922 si
692 2845 784 2921 haec
812 2845 903 2922 nihil
926 2825 1044 2923 bonae
1067 2854 1181 2948 frugis

238 2973 423 3049 continere
451 2969 688 3072 videhrmtur,
724 2978 845 3040 cetera
874 2970 1008 3044 curabo
1033 2971 1182 3047 domine

238 3095 397 3169 ausoris
427 3099 589 3190 pereant
643 3089 701 3165 Tu
728 3112 817 3165 vero
850 3114 911 3164 me
940 3090 1024 3166 'l'ibi
1052 3096 1180 3189 gratis·

237 3217 321 3292 simi
357 3214 472 3288 animi
505 3233 616 3287 sensu
649 3210 858 3300 devinctum
897 3214 1180 3315 obstrictumque

237 3339 350 3413 velim
373 3335 575 3422 existimes,
593 3344 797 3439 meque,ut
819 3334 920 3424 facis,
944 3360 1056 3412 ames.

317 3511 419 3582 soar.
439 3510 574 3590 aaran,
599 3531 715 3578 mense·
728 3509 859 3617 oona
878 3458 1157 3585 mcccxxvrss
1184 3558 1187 3563 -

489 3822 916 3848 -mssr-
