<?xml version="1.0" encoding="UTF-8"?>
<!DOCTYPE html PUBLIC "-//W3C//DTD XHTML 1.0 Transitional//EN"
    "http://www.w3.org/TR/xhtml1/DTD/xhtml1-transitional.dtd">
<html xmlns="http://www.w3.org/1999/xhtml" xml:lang="en" lang="en">
 <head>
  <title>
</title>
<meta http-equiv="Content-Type" content="text/html;charset=utf-8" />
  <meta name='ocr-system' content='tesseract 3.04.00' />
  <meta name='ocr-capabilities' content='ocr_page ocr_carea ocr_par ocr_line ocrx_word'/>
</head>
<body>
  <div class='ocr_page' id='page_1' title='image "./detheopompichii00pflugoog_0028.png"; bbox 0 0 2534 4658; ppageno 0'>
   <div class='ocr_carea' id='block_1_1' title="bbox 501 361 753 438">
    <p class='ocr_par' dir='ltr' id='par_1_1' title="bbox 501 361 753 438">
     <span class='ocr_line' id='line_1_1' title="bbox 501 361 753 438; baseline -0.004 -28"><span class='ocrx_word' id='word_1_1' title='bbox 501 361 753 438; x_wconf 80' lang='lat'>...9-</span> 
     </span>
    </p>
   </div>
   <div class='ocr_carea' id='block_1_2' title="bbox 119 523 1158 1780">
    <p class='ocr_par' dir='ltr' id='par_1_2' title="bbox 119 523 1158 1780">
     <span class='ocr_line' id='line_1_2' title="bbox 181 523 1120 620; baseline -0.007 -23"><span class='ocrx_word' id='word_1_2' title='bbox 181 529 284 598; x_wconf 82' lang='lat' dir='ltr'>denda</span> <span class='ocrx_word' id='word_1_3' title='bbox 305 539 440 620; x_wconf 86' lang='lat' dir='ltr'>putaret.</span> <span class='ocrx_word' id='word_1_4' title='bbox 455 527 483 615; x_wconf 75' lang='lat'>⁸)</span> <span class='ocrx_word' id='word_1_5' title='bbox 519 523 585 592; x_wconf 75' lang='lat' dir='ltr'>‘Me</span> <span class='ocrx_word' id='word_1_6' title='bbox 611 547 705 616; x_wconf 87' lang='lat' dir='ltr'>quum</span> <span class='ocrx_word' id='word_1_7' title='bbox 730 547 873 594; x_wconf 88' lang='lat' dir='ltr'>meorum</span> <span class='ocrx_word' id='word_1_8' title='bbox 897 544 1012 593; x_wconf 88' lang='lat' dir='ltr'>usuum</span> <span class='ocrx_word' id='word_1_9' title='bbox 1039 527 1120 592; x_wconf 84' lang='lat' dir='ltr'>ratio</span> 
     </span>
     <span class='ocr_line' id='line_1_3' title="bbox 154 625 1158 715; baseline -0.005 -23"><span class='ocrx_word' id='word_1_10' title='bbox 154 630 313 715; x_wconf 82' lang='lat' dir='ltr'>,primum</span> <span class='ocrx_word' id='word_1_11' title='bbox 331 628 385 692; x_wconf 81' lang='lat' dir='ltr'>ad</span> <span class='ocrx_word' id='word_1_12' title='bbox 419 625 503 691; x_wconf 89' lang='lat' dir='ltr'>huuc</span> <span class='ocrx_word' id='word_1_13' title='bbox 520 627 716 711; x_wconf 81' lang='lat' dir='ltr'>‚scriptorem</span> <span class='ocrx_word' id='word_1_14' title='bbox 747 626 951 703; x_wconf 85' lang='lat' dir='ltr'>advertisset,</span> <span class='ocrx_word' id='word_1_15' title='bbox 983 627 1121 690; x_wconf 87' lang='lat' dir='ltr'>eximiae</span> <span class='ocrx_word' id='word_1_16' title='bbox 1155 681 1158 687; x_wconf 92' lang='lat'>.</span> 
     </span>
     <span class='ocr_line' id='line_1_4' title="bbox 119 721 1121 810; baseline -0.005 -20"><span class='ocrx_word' id='word_1_17' title='bbox 119 731 121 735; x_wconf 82' lang='grc'><strong>’</strong></span> <span class='ocrx_word' id='word_1_18' title='bbox 181 725 319 790; x_wconf 85' lang='lat' dir='ltr'>hominia</span> <span class='ocrx_word' id='word_1_19' title='bbox 338 727 470 791; x_wconf 79' lang='lat' dir='ltr'>virttues</span> <span class='ocrx_word' id='word_1_20' title='bbox 488 725 699 798; x_wconf 79' lang='lat' dir='ltr'>retinuerunt3</span> <span class='ocrx_word' id='word_1_21' title='bbox 724 735 817 810; x_wconf 87' lang='lat' dir='ltr'>atque</span> <span class='ocrx_word' id='word_1_22' title='bbox 837 721 878 789; x_wconf 85' lang='lat' dir='ltr'>nh</span> <span class='ocrx_word' id='word_1_23' title='bbox 897 745 1024 800; x_wconf 86' lang='lat' dir='ltr'>eorum,</span> <span class='ocrx_word' id='word_1_24' title='bbox 1053 726 1121 810; x_wconf 91' lang='lat' dir='ltr'>qui·</span> 
     </span>
     <span class='ocr_line' id='line_1_5' title="bbox 180 817 1157 907; baseline -0.01 -20"><span class='ocrx_word' id='word_1_25' title='bbox 180 820 242 886; x_wconf 88' lang='lat' dir='ltr'>bus</span> <span class='ocrx_word' id='word_1_26' title='bbox 259 821 481 897; x_wconf 83' lang='lat' dir='ltr'><strong>Macedonum,</strong></span> <span class='ocrx_word' id='word_1_27' title='bbox 502 821 705 907; x_wconf 65' lang='lat' dir='ltr'>inprimisque</span> <span class='ocrx_word' id='word_1_28' title='bbox 731 819 868 907; x_wconf 91' lang='lat' dir='ltr'>Philippi</span> <span class='ocrx_word' id='word_1_29' title='bbox 893 817 1025 884; x_wconf 83' lang='lat' dir='ltr'>historia</span> <span class='ocrx_word' id='word_1_30' title='bbox 1050 819 1122 882; x_wconf 89' lang='lat' dir='ltr'>illu·</span> <span class='ocrx_word' id='word_1_31' title='bbox 1154 873 1157 877; x_wconf 79' lang='lat'>.</span> 
     </span>
     <span class='ocr_line' id='line_1_6' title="bbox 182 915 1122 1005; baseline -0.003 -23"><span class='ocrx_word' id='word_1_32' title='bbox 182 922 277 984; x_wconf 84' lang='lat' dir='ltr'>suari</span> <span class='ocrx_word' id='word_1_33' title='bbox 300 931 422 1005; x_wconf 85' lang='lat' dir='ltr'>posset,</span> <span class='ocrx_word' id='word_1_34' title='bbox 453 915 700 1002; x_wconf 84' lang='lat' dir='ltr'>colligendorum</span> <span class='ocrx_word' id='word_1_35' title='bbox 724 915 856 983; x_wconf 87' lang='lat' dir='ltr'>consilio</span> <span class='ocrx_word' id='word_1_36' title='bbox 883 937 992 995; x_wconf 87' lang='lat' dir='ltr'>orsus,</span> <span class='ocrx_word' id='word_1_37' title='bbox 1026 939 1122 1005; x_wconf 86' lang='lat' dir='ltr'>quum</span> 
     </span>
     <span class='ocr_line' id='line_1_7' title="bbox 183 1013 1122 1104; baseline -0.001 -26"><span class='ocrx_word' id='word_1_38' title='bbox 183 1013 531 1088; x_wconf 74' lang='lat' dir='ltr'>adnotarem&#39;subintle,</span> <span class='ocrx_word' id='word_1_39' title='bbox 552 1015 581 1076; x_wconf 79' lang='lat' dir='ltr'>si</span> <span class='ocrx_word' id='word_1_40' title='bbox 600 1014 674 1102; x_wconf 87' lang='lat' dir='ltr'>quid</span> <span class='ocrx_word' id='word_1_41' title='bbox 692 1027 887 1094; x_wconf 84' lang='lat' dir='ltr'>occurreret,</span> <span class='ocrx_word' id='word_1_42' title='bbox 906 1015 990 1104; x_wconf 87' lang='lat' dir='ltr'>quod</span> <span class='ocrx_word' id='word_1_43' title='bbox 1011 1014 1052 1077; x_wconf 82' lang='lat' dir='ltr'>etl</span> <span class='ocrx_word' id='word_1_44' title='bbox 1070 1034 1122 1078; x_wconf 84' lang='lat' dir='ltr'>res</span> 
     </span>
     <span class='ocr_line' id='line_1_8' title="bbox 184 1106 1122 1197; baseline -0.001 -23"><span class='ocrx_word' id='word_1_45' title='bbox 184 1107 381 1197; x_wconf 77' lang='lat' dir='ltr'>Theopompi</span> <span class='ocrx_word' id='word_1_46' title='bbox 400 1113 506 1176; x_wconf 87' lang='lat' dir='ltr'>facere</span> <span class='ocrx_word' id='word_1_47' title='bbox 523 1109 699 1179; x_wconf 80' lang='lat' dir='ltr'>videretur:</span> <span class='ocrx_word' id='word_1_48' title='bbox 724 1109 901 1197; x_wconf 78' lang='lat' dir='ltr'>paullatim,</span> <span class='ocrx_word' id='word_1_49' title='bbox 922 1125 958 1177; x_wconf 89' lang='lat' dir='ltr'>ut</span> <span class='ocrx_word' id='word_1_50' title='bbox 976 1106 1031 1187; x_wconf 81' lang='lat' dir='ltr'>fit,</span> <span class='ocrx_word' id='word_1_51' title='bbox 1049 1131 1122 1174; x_wconf 88' lang='lat' dir='ltr'>suc-</span> 
     </span>
     <span class='ocr_line' id='line_1_9' title="bbox 182 1207 1122 1292; baseline -0.002 -20"><span class='ocrx_word' id='word_1_52' title='bbox 182 1220 342 1273; x_wconf 85' lang='lat' dir='ltr'>crescente</span> <span class='ocrx_word' id='word_1_53' title='bbox 365 1209 525 1285; x_wconf 74' lang='lat' dir='ltr'>&#39;materia,</span> <span class='ocrx_word' id='word_1_54' title='bbox 549 1228 618 1273; x_wconf 83' lang='lat' dir='ltr'>reru</span> <span class='ocrx_word' id='word_1_55' title='bbox 644 1227 710 1271; x_wconf 90' lang='lat' dir='ltr'>nun</span> <span class='ocrx_word' id='word_1_56' title='bbox 739 1207 901 1292; x_wconf 80' lang='lat' dir='ltr'>indignam</span> <span class='ocrx_word' id='word_1_57' title='bbox 932 1210 1122 1283; x_wconf 87' lang='lat' dir='ltr'>existimavi,</span> 
     </span>
     <span class='ocr_line' id='line_1_10' title="bbox 181 1303 1122 1392; baseline 0.001 -25"><span class='ocrx_word' id='word_1_58' title='bbox 181 1326 274 1392; x_wconf 82' lang='lat' dir='ltr'>quam</span> <span class='ocrx_word' id='word_1_59' title='bbox 295 1303 401 1370; x_wconf 88' lang='lat' dir='ltr'>oblata</span> <span class='ocrx_word' id='word_1_60' title='bbox 420 1303 578 1369; x_wconf 87' lang='lat' dir='ltr'>scribendi</span> <span class='ocrx_word' id='word_1_61' title='bbox 605 1307 835 1389; x_wconf 80' lang='lat' dir='ltr'>opportunitate</span> <span class='ocrx_word' id='word_1_62' title='bbox 863 1304 1043 1391; x_wconf 81' lang='lat' dir='ltr'>diligentius</span> <span class='ocrx_word' id='word_1_63' title='bbox 1063 1326 1122 1368; x_wconf 87' lang='lat' dir='ltr'>ex-</span> 
     </span>
     <span class='ocr_line' id='line_1_11' title="bbox 179 1399 1121 1490; baseline 0.002 -26"><span class='ocrx_word' id='word_1_64' title='bbox 179 1400 338 1488; x_wconf 87' lang='lat' dir='ltr'>plicarem.</span> <span class='ocrx_word' id='word_1_65' title='bbox 380 1399 463 1468; x_wconf 82' lang='lat' dir='ltr'>Num</span> <span class='ocrx_word' id='word_1_66' title='bbox 483 1414 517 1466; x_wconf 88' lang='lat' dir='ltr'>et</span> <span class='ocrx_word' id='word_1_67' title='bbox 539 1421 662 1464; x_wconf 86' lang='lat' dir='ltr'>errores</span> <span class='ocrx_word' id='word_1_68' title='bbox 687 1401 837 1487; x_wconf 85' lang='lat' dir='ltr'>quosdam</span> <span class='ocrx_word' id='word_1_69' title='bbox 857 1423 986 1480; x_wconf 90' lang='lat' dir='ltr'>eorum,</span> <span class='ocrx_word' id='word_1_70' title='bbox 1011 1401 1121 1490; x_wconf 84' lang='lat' dir='ltr'>quide</span> 
     </span>
     <span class='ocr_line' id='line_1_12' title="bbox 181 1494 1148 1585; baseline 0.003 -24"><span class='ocrx_word' id='word_1_71' title='bbox 181 1494 391 1585; x_wconf 72' lang='lat' dir='ltr'>Theopompo</span> <span class='ocrx_word' id='word_1_72' title='bbox 408 1500 628 1582; x_wconf 82' lang='lat' dir='ltr'>scripsissent,</span> <span class='ocrx_word' id='word_1_73' title='bbox 655 1498 912 1562; x_wconf 83' lang='lat' dir='ltr'>animadvertisse</span> <span class='ocrx_word' id='word_1_74' title='bbox 937 1497 1015 1563; x_wconf 89' lang='lat' dir='ltr'>mihi</span> <span class='ocrx_word' id='word_1_75' title='bbox 1033 1500 1122 1564; x_wconf 81' lang='lat' dir='ltr'>vide-</span> <span class='ocrx_word' id='word_1_76' title='bbox 1141 1544 1148 1564; x_wconf 85' lang='lat'>.</span> 
     </span>
     <span class='ocr_line' id='line_1_13' title="bbox 180 1592 1123 1684; baseline 0.003 -26"><span class='ocrx_word' id='word_1_77' title='bbox 180 1592 255 1674; x_wconf 86' lang='lat' dir='ltr'>har,</span> <span class='ocrx_word' id='word_1_78' title='bbox 288 1608 321 1659; x_wconf 92' lang='lat' dir='ltr'>et</span> <span class='ocrx_word' id='word_1_79' title='bbox 348 1598 378 1662; x_wconf 89' lang='lat' dir='ltr'>si</span> <span class='ocrx_word' id='word_1_80' title='bbox 405 1596 488 1684; x_wconf 85' lang='lat' dir='ltr'>quod</span> <span class='ocrx_word' id='word_1_81' title='bbox 512 1593 675 1680; x_wconf 81' lang='lat' dir='ltr'>cupiebam</span> <span class='ocrx_word' id='word_1_82' title='bbox 702 1597 808 1658; x_wconf 79' lang='lat' dir='ltr'>minus</span> <span class='ocrx_word' id='word_1_83' title='bbox 835 1609 1020 1683; x_wconf 76' lang='lat' dir='ltr'>assequutus</span> <span class='ocrx_word' id='word_1_84' title='bbox 1044 1597 1123 1661; x_wconf 64' lang='lat' dir='ltr'>fuis*</span> 
     </span>
     <span class='ocr_line' id='line_1_14' title="bbox 180 1692 1122 1780; baseline 0.002 -23"><span class='ocrx_word' id='word_1_85' title='bbox 180 1713 266 1771; x_wconf 64' lang='lat' dir='ltr'>mm,</span> <span class='ocrx_word' id='word_1_86' title='bbox 296 1692 461 1780; x_wconf 83' lang='lat' dir='ltr'>sperabam</span> <span class='ocrx_word' id='word_1_87' title='bbox 492 1704 598 1755; x_wconf 85' lang='lat' dir='ltr'>temen</span> <span class='ocrx_word' id='word_1_88' title='bbox 633 1692 806 1775; x_wconf 79' lang='lat' dir='ltr'>doctiorum</span> <span class='ocrx_word' id='word_1_89' title='bbox 846 1694 950 1757; x_wconf 87' lang='lat' dir='ltr'>studia</span> <span class='ocrx_word' id='word_1_90' title='bbox 986 1697 1122 1759; x_wconf 87' lang='lat' dir='ltr'>excitari</span> 
     </span>
    </p>
   </div>
   <div class='ocr_carea' id='block_1_3' title="bbox 180 1787 1232 1877">
    <p class='ocr_par' dir='ltr' id='par_1_3' title="bbox 180 1787 1232 1877">
     <span class='ocr_line' id='line_1_15' title="bbox 180 1787 1232 1877; baseline 0.004 -25"><span class='ocrx_word' id='word_1_91' title='bbox 180 1810 295 1876; x_wconf 85' lang='lat' dir='ltr'>posse,</span> <span class='ocrx_word' id='word_1_92' title='bbox 322 1787 546 1875; x_wconf 82' lang='lat' dir='ltr'>Theopompo,</span> <span class='ocrx_word' id='word_1_93' title='bbox 572 1787 656 1875; x_wconf 86' lang='lat' dir='ltr'>quod</span> <span class='ocrx_word' id='word_1_94' title='bbox 679 1809 776 1852; x_wconf 91' lang='lat' dir='ltr'>uuum</span> <span class='ocrx_word' id='word_1_95' title='bbox 796 1808 906 1855; x_wconf 86' lang='lat' dir='ltr'>omnes</span> <span class='ocrx_word' id='word_1_96' title='bbox 932 1793 1122 1877; x_wconf 83' lang='lat' dir='ltr'>expetimus,</span> <span class='ocrx_word' id='word_1_97' title='bbox 1229 1805 1232 1816; x_wconf 78' lang='grc'><em>’</em></span> 
     </span>
    </p>
   </div>
   <div class='ocr_carea' id='block_1_4' title="bbox 141 1877 1173 2264">
    <p class='ocr_par' dir='ltr' id='par_1_4' title="bbox 141 1877 1173 2264">
     <span class='ocr_line' id='line_1_16' title="bbox 141 1877 353 1973; baseline 0 -24"><span class='ocrx_word' id='word_1_98' title='bbox 141 1877 146 1887; x_wconf 78' lang='grc'><strong>’</strong></span> <span class='ocrx_word' id='word_1_99' title='bbox 180 1885 353 1973; x_wconf 85' lang='lat' dir='ltr'>profutura.</span> 
     </span>
     <span class='ocr_line' id='line_1_17' title="bbox 208 1978 1120 2070; baseline 0.01 -29"><span class='ocrx_word' id='word_1_100' title='bbox 208 2034 211 2041; x_wconf 90' lang='lat'>.</span> <span class='ocrx_word' id='word_1_101' title='bbox 263 1982 338 2046; x_wconf 87' lang='lat' dir='ltr'>Fuit</span> <span class='ocrx_word' id='word_1_102' title='bbox 360 1984 458 2068; x_wconf 78' lang='lat' dir='ltr'>igitur</span> <span class='ocrx_word' id='word_1_103' title='bbox 481 1979 705 2066; x_wconf 82' lang='lat' dir='ltr'>Theopompus</span> <span class='ocrx_word' id='word_1_104' title='bbox 726 1983 829 2067; x_wconf 84' lang='lat' dir='ltr'>patria</span> <span class='ocrx_word' id='word_1_105' title='bbox 857 1978 966 2061; x_wconf 85' lang='lat' dir='ltr'>Chius,</span> <span class='ocrx_word' id='word_1_106' title='bbox 980 1983 1011 2070; x_wconf 80' lang='lat'>²)</span> <span class='ocrx_word' id='word_1_107' title='bbox 1032 1997 1120 2070; x_wconf 87' lang='lat' dir='ltr'>patre</span> 
     </span>
     <span class='ocr_line' id='line_1_18' title="bbox 179 2076 1173 2168; baseline 0.003 -24"><span class='ocrx_word' id='word_1_108' title='bbox 179 2077 420 2159; x_wconf 86' lang='lat' dir='ltr'>Damasistrato,</span> <span class='ocrx_word' id='word_1_109' title='bbox 442 2079 569 2144; x_wconf 90' lang='lat' dir='ltr'>homine</span> <span class='ocrx_word' id='word_1_110' title='bbox 589 2090 624 2141; x_wconf 90' lang='lat' dir='ltr'>ut</span> <span class='ocrx_word' id='word_1_111' title='bbox 644 2078 765 2142; x_wconf 85' lang='lat' dir='ltr'>videtur</span> <span class='ocrx_word' id='word_1_112' title='bbox 785 2076 883 2143; x_wconf 90' lang='lat' dir='ltr'>nobili</span> <span class='ocrx_word' id='word_1_113' title='bbox 903 2093 936 2145; x_wconf 87' lang='lat' dir='ltr'>et</span> <span class='ocrx_word' id='word_1_114' title='bbox 956 2081 1121 2168; x_wconf 66' lang='lat' dir='ltr'>opulentos</span> <span class='ocrx_word' id='word_1_115' title='bbox 1166 2104 1173 2116; x_wconf 92' lang='lat'><strong>·</strong></span> 
     </span>
     <span class='ocr_line' id='line_1_19' title="bbox 179 2171 1121 2264; baseline 0.004 -24"><span class='ocrx_word' id='word_1_116' title='bbox 179 2186 271 2264; x_wconf 84' lang='lat' dir='ltr'>quem</span> <span class='ocrx_word' id='word_1_117' title='bbox 288 2175 431 2255; x_wconf 84' lang='lat' dir='ltr'>Photiue,</span> <span class='ocrx_word' id='word_1_118' title='bbox 448 2173 505 2241; x_wconf 89' lang='lat' dir='ltr'>ubi</span> <span class='ocrx_word' id='word_1_119' title='bbox 523 2171 723 2261; x_wconf 88' lang='lat' dir='ltr'>Theopompi</span> <span class='ocrx_word' id='word_1_120' title='bbox 741 2196 904 2242; x_wconf 84' lang='lat' dir='ltr'>censuram</span> <span class='ocrx_word' id='word_1_121' title='bbox 921 2180 998 2264; x_wconf 80' lang='lat' dir='ltr'>agit,</span> <span class='ocrx_word' id='word_1_122' title='bbox 1012 2179 1121 2259; x_wconf 60' lang='lat' dir='ltr'>³)‘mi-</span> 
     </span>
    </p>
   </div>
   <div class='ocr_carea' id='block_1_5' title="bbox 250 2483 1019 2558">
    <p class='ocr_par' dir='ltr' id='par_1_5' title="bbox 250 2483 1019 2558">
     <span class='ocr_line' id='line_1_20' title="bbox 250 2483 1019 2558; baseline 0.007 -21"><span class='ocrx_word' id='word_1_123' title='bbox 250 2485 276 2552; x_wconf 81' lang='lat'>1)</span> <span class='ocrx_word' id='word_1_124' title='bbox 294 2501 320 2538; x_wconf 85' lang='lat' dir='ltr'>v.</span> <span class='ocrx_word' id='word_1_125' title='bbox 338 2486 427 2556; x_wconf 80' lang='lat' dir='ltr'>praei.</span> <span class='ocrx_word' id='word_1_126' title='bbox 444 2486 482 2539; x_wconf 87' lang='lat' dir='ltr'>ad</span> <span class='ocrx_word' id='word_1_127' title='bbox 499 2485 573 2538; x_wconf 74' lang='lat' dir='ltr'>ilict.</span> <span class='ocrx_word' id='word_1_128' title='bbox 588 2483 687 2539; x_wconf 78' lang='lat' dir='ltr'>Graec.</span> <span class='ocrx_word' id='word_1_129' title='bbox 702 2485 851 2557; x_wconf 76' lang='lat' dir='ltr'>Antiquius.</span> <span class='ocrx_word' id='word_1_130' title='bbox 865 2486 911 2541; x_wconf 87' lang='lat' dir='ltr'>Fr.</span> <span class='ocrx_word' id='word_1_131' title='bbox 929 2503 956 2558; x_wconf 87' lang='lat' dir='ltr'>p.</span> <span class='ocrx_word' id='word_1_132' title='bbox 972 2487 1019 2544; x_wconf 87' lang='lat'>111.</span> 
     </span>
    </p>
   </div>
   <div class='ocr_carea' id='block_1_6' title="bbox 179 2585 1202 3798">
    <p class='ocr_par' dir='ltr' id='par_1_6' title="bbox 179 2585 1202 3798">
     <span class='ocr_line' id='line_1_21' title="bbox 247 2585 1120 2657; baseline 0.007 -17"><span class='ocrx_word' id='word_1_133' title='bbox 247 2585 275 2652; x_wconf 63' lang='grc' dir='ltr'>Β)</span> <span class='ocrx_word' id='word_1_134' title='bbox 294 2587 390 2653; x_wconf 79' lang='lat' dir='ltr'>Plures</span> <span class='ocrx_word' id='word_1_135' title='bbox 407 2587 530 2641; x_wconf 83' lang='lat' dir='ltr'>eiusdem</span> <span class='ocrx_word' id='word_1_136' title='bbox 550 2587 678 2652; x_wconf 85' lang='lat' dir='ltr'>nominis,</span> <span class='ocrx_word' id='word_1_137' title='bbox 702 2589 751 2641; x_wconf 84' lang='lat' dir='ltr'>sed</span> <span class='ocrx_word' id='word_1_138' title='bbox 771 2589 861 2657; x_wconf 83' lang='lat' dir='ltr'>patria</span> <span class='ocrx_word' id='word_1_139' title='bbox 878 2590 980 2643; x_wconf 81' lang='lat' dir='ltr'>diversi</span> <span class='ocrx_word' id='word_1_140' title='bbox 995 2589 1120 2647; x_wconf 83' lang='lat' dir='ltr'>innotue-</span> 
     </span>
     <span class='ocr_line' id='line_1_22' title="bbox 180 2667 1120 2742; baseline 0.003 -17"><span class='ocrx_word' id='word_1_141' title='bbox 180 2676 259 2725; x_wconf 81' lang='lat' dir='ltr'>runt:</span> <span class='ocrx_word' id='word_1_142' title='bbox 284 2668 465 2738; x_wconf 76' lang='lat' dir='ltr'>Theopompus</span> <span class='ocrx_word' id='word_1_143' title='bbox 481 2667 657 2734; x_wconf 77' lang='lat' dir='ltr'>Atheniensis,</span> <span class='ocrx_word' id='word_1_144' title='bbox 680 2670 802 2724; x_wconf 75' lang='lat' dir='ltr'>cominu</span> <span class='ocrx_word' id='word_1_145' title='bbox 819 2674 911 2738; x_wconf 79' lang='lat' dir='ltr'>poeto,</span> <span class='ocrx_word' id='word_1_146' title='bbox 935 2670 1041 2742; x_wconf 85' lang='lat' dir='ltr'>dequo</span> <span class='ocrx_word' id='word_1_147' title='bbox 1060 2674 1120 2728; x_wconf 82' lang='lat' dir='ltr'>soi-</span> 
     </span>
     <span class='ocr_line' id='line_1_23' title="bbox 180 2748 1120 2822; baseline 0.003 -16"><span class='ocrx_word' id='word_1_148' title='bbox 180 2753 231 2806; x_wconf 84' lang='lat' dir='ltr'>das</span> <span class='ocrx_word' id='word_1_149' title='bbox 250 2752 286 2804; x_wconf 82' lang='grc' dir='ltr'>Τ.</span> <span class='ocrx_word' id='word_1_150' title='bbox 306 2752 339 2808; x_wconf 89' lang='lat'>11.</span> <span class='ocrx_word' id='word_1_151' title='bbox 351 2767 378 2820; x_wconf 87' lang='lat' dir='ltr'>p.</span> <span class='ocrx_word' id='word_1_152' title='bbox 399 2751 461 2807; x_wconf 77' lang='lat'>178.</span> <span class='ocrx_word' id='word_1_153' title='bbox 494 2748 650 2804; x_wconf 72' lang='lat' dir='ltr'>Athenaeus</span> <span class='ocrx_word' id='word_1_154' title='bbox 673 2751 837 2818; x_wconf 76' lang='lat' dir='ltr'>etPollu13</span> <span class='ocrx_word' id='word_1_155' title='bbox 865 2748 1045 2822; x_wconf 73' lang='lat' dir='ltr'>Theopompus</span> <span class='ocrx_word' id='word_1_156' title='bbox 1070 2755 1120 2809; x_wconf 79' lang='lat' dir='ltr'>Co·</span> 
     </span>
     <span class='ocr_line' id='line_1_24' title="bbox 180 2827 1120 2907; baseline 0.002 -19"><span class='ocrx_word' id='word_1_157' title='bbox 180 2832 332 2905; x_wconf 75' lang='lat' dir='ltr'>tophosises,</span> <span class='ocrx_word' id='word_1_158' title='bbox 354 2833 448 2901; x_wconf 86' lang='lat' dir='ltr'>epicus</span> <span class='ocrx_word' id='word_1_159' title='bbox 470 2837 569 2900; x_wconf 79' lang='lat' dir='ltr'>poete,</span> <span class='ocrx_word' id='word_1_160' title='bbox 592 2833 670 2889; x_wconf 84' lang='lat' dir='ltr'>cuius</span> <span class='ocrx_word' id='word_1_161' title='bbox 684 2827 828 2904; x_wconf 77' lang='lat' dir='ltr'>‘Appmloo</span> <span class='ocrx_word' id='word_1_162' title='bbox 849 2831 1031 2902; x_wconf 81' lang='lat' dir='ltr'>fragmentum</span> <span class='ocrx_word' id='word_1_163' title='bbox 1052 2836 1120 2907; x_wconf 80' lang='lat' dir='ltr'>legi·</span> 
     </span>
     <span class='ocr_line' id='line_1_25' title="bbox 180 2910 1121 2985; baseline 0.001 -17"><span class='ocrx_word' id='word_1_164' title='bbox 180 2931 242 2969; x_wconf 83' lang='lat' dir='ltr'>mus</span> <span class='ocrx_word' id='word_1_165' title='bbox 267 2913 341 2985; x_wconf 81' lang='lat' dir='ltr'>apud</span> <span class='ocrx_word' id='word_1_166' title='bbox 360 2910 455 2967; x_wconf 78' lang='lat' dir='ltr'>Athen.</span> <span class='ocrx_word' id='word_1_167' title='bbox 471 2912 517 2970; x_wconf 87' lang='lat' dir='ltr'>lV.</span> <span class='ocrx_word' id='word_1_168' title='bbox 541 2928 568 2981; x_wconf 84' lang='lat' dir='ltr'>p.</span> <span class='ocrx_word' id='word_1_169' title='bbox 584 2910 648 2966; x_wconf 79' lang='lat'>183.</span> <span class='ocrx_word' id='word_1_170' title='bbox 665 2915 696 2971; x_wconf 86' lang='lat' dir='ltr'>C,</span> <span class='ocrx_word' id='word_1_171' title='bbox 731 2913 866 2976; x_wconf 83' lang='lat' dir='ltr'>Eundem,</span> <span class='ocrx_word' id='word_1_172' title='bbox 888 2919 921 2966; x_wconf 81' lang='lat' dir='ltr'>ut</span> <span class='ocrx_word' id='word_1_173' title='bbox 941 2914 1058 2980; x_wconf 82' lang='lat' dir='ltr'>videtur,</span> <span class='ocrx_word' id='word_1_174' title='bbox 1084 2919 1121 2972; x_wconf 86' lang='lat' dir='ltr'>ad</span> 
     </span>
     <span class='ocr_line' id='line_1_26' title="bbox 181 2990 1202 3071; baseline 0.004 -23"><span class='ocrx_word' id='word_1_175' title='bbox 181 3002 275 3066; x_wconf 86' lang='lat' dir='ltr'>partes</span> <span class='ocrx_word' id='word_1_176' title='bbox 295 2994 408 3051; x_wconf 79' lang='lat' dir='ltr'>vocavit</span> <span class='ocrx_word' id='word_1_177' title='bbox 425 2990 516 3052; x_wconf 84' lang='lat' dir='ltr'>Schol.</span> <span class='ocrx_word' id='word_1_178' title='bbox 526 2995 622 3062; x_wconf 76' lang='lat' dir='ltr'>hpoll.</span> <span class='ocrx_word' id='word_1_179' title='bbox 638 2993 688 3047; x_wconf 82' lang='lat' dir='ltr'>Rh.</span> <span class='ocrx_word' id='word_1_180' title='bbox 700 2993 746 3058; x_wconf 83' lang='lat' dir='ltr'>IV,</span> <span class='ocrx_word' id='word_1_181' title='bbox 760 2993 806 3048; x_wconf 81' lang='lat'>57.</span> <span class='ocrx_word' id='word_1_182' title='bbox 823 2993 872 3046; x_wconf 88' lang='lat' dir='ltr'>ubl</span> <span class='ocrx_word' id='word_1_183' title='bbox 887 2993 1033 3063; x_wconf 84' lang='lat' dir='ltr'>legendum</span> <span class='ocrx_word' id='word_1_184' title='bbox 1053 3007 1128 3067; x_wconf 68' lang='lat' dir='ltr'>puto¹</span> <span class='ocrx_word' id='word_1_185' title='bbox 1200 3061 1202 3071; x_wconf 37' lang='grc' dir='ltr'>Ι</span> 
     </span>
     <span class='ocr_line' id='line_1_27' title="bbox 183 3069 1121 3145; baseline 0.002 -14"><span class='ocrx_word' id='word_1_186' title='bbox 183 3075 336 3145; x_wconf 72' lang='grc' dir='ltr'><strong><em>θεὸιομπος</em></strong></span> <span class='ocrx_word' id='word_1_187' title='bbox 353 3069 368 3128; x_wconf 76' lang='grc' dir='ltr'><strong><em>ὃ</em></strong></span> <span class='ocrx_word' id='word_1_188' title='bbox 387 3072 523 3138; x_wconf 75' lang='grc' dir='ltr'><strong><em>ἐποποιός.</em></strong></span> <span class='ocrx_word' id='word_1_189' title='bbox 560 3075 604 3128; x_wconf 83' lang='lat' dir='ltr'>Ex</span> <span class='ocrx_word' id='word_1_190' title='bbox 622 3089 665 3138; x_wconf 90' lang='lat' dir='ltr'>eo,</span> <span class='ocrx_word' id='word_1_191' title='bbox 689 3075 762 3145; x_wconf 87' lang='lat' dir='ltr'>qnod</span> <span class='ocrx_word' id='word_1_192' title='bbox 783 3074 867 3144; x_wconf 79' lang='lat' dir='ltr'>vulgo</span> <span class='ocrx_word' id='word_1_193' title='bbox 889 3075 1028 3142; x_wconf 80' lang='lat' dir='ltr'>scribitur,</span> <span class='ocrx_word' id='word_1_194' title='bbox 1053 3076 1121 3133; x_wconf 70' lang='lat' dir='ltr'>est-</span> 
     </span>
     <span class='ocr_line' id='line_1_28' title="bbox 180 3151 1120 3226; baseline 0.003 -15"><span class='ocrx_word' id='word_1_195' title='bbox 180 3174 289 3225; x_wconf 78' lang='grc' dir='ltr'><strong><em>πομπος</em></strong></span> <span class='ocrx_word' id='word_1_196' title='bbox 310 3157 338 3210; x_wconf 77' lang='lat' dir='ltr'>ir</span> <span class='ocrx_word' id='word_1_197' title='bbox 350 3151 522 3218; x_wconf 75' lang='lat' dir='ltr'>’Euenosoic,</span> <span class='ocrx_word' id='word_1_198' title='bbox 544 3155 710 3209; x_wconf 77' lang='lat' dir='ltr'>fabularum</span> <span class='ocrx_word' id='word_1_199' title='bbox 724 3156 898 3226; x_wconf 83' lang='lat' dir='ltr'>Theopompi</span> <span class='ocrx_word' id='word_1_200' title='bbox 922 3159 1028 3212; x_wconf 85' lang='lat' dir='ltr'>comici</span> <span class='ocrx_word' id='word_1_201' title='bbox 1050 3161 1120 3214; x_wconf 88' lang='lat' dir='ltr'>iudi·</span> 
     </span>
     <span class='ocr_line' id='line_1_29' title="bbox 181 3235 1121 3309; baseline -0.002 -15"><span class='ocrx_word' id='word_1_202' title='bbox 181 3256 241 3294; x_wconf 90' lang='lat' dir='ltr'>cem</span> <span class='ocrx_word' id='word_1_203' title='bbox 259 3238 438 3307; x_wconf 76' lang='lat' dir='ltr'>interpolavit</span> <span class='ocrx_word' id='word_1_204' title='bbox 454 3236 596 3293; x_wconf 85' lang='lat' dir='ltr'>Fabricius</span> <span class='ocrx_word' id='word_1_205' title='bbox 609 3236 682 3289; x_wconf 82' lang='lat' dir='ltr'>Bihl.</span> <span class='ocrx_word' id='word_1_206' title='bbox 701 3235 801 3292; x_wconf 84' lang='lat' dir='ltr'>Graec.</span> <span class='ocrx_word' id='word_1_207' title='bbox 818 3238 852 3290; x_wconf 82' lang='lat' dir='ltr'>T.</span> <span class='ocrx_word' id='word_1_208' title='bbox 862 3237 896 3289; x_wconf 86' lang='lat'>11.</span> <span class='ocrx_word' id='word_1_209' title='bbox 914 3253 941 3308; x_wconf 67' lang='lat' dir='ltr'>v.</span> <span class='ocrx_word' id='word_1_210' title='bbox 953 3237 1121 3309; x_wconf 75' lang='lat' dir='ltr'>5⁰2.}{ar1.;</span> 
     </span>
     <span class='ocr_line' id='line_1_30' title="bbox 181 3315 1122 3390; baseline 0.003 -16"><span class='ocrx_word' id='word_1_211' title='bbox 181 3321 280 3375; x_wconf 84' lang='lat' dir='ltr'>tertius</span> <span class='ocrx_word' id='word_1_212' title='bbox 308 3317 500 3389; x_wconf 76' lang='lat' dir='ltr'>Theopompus¹</span> <span class='ocrx_word' id='word_1_213' title='bbox 513 3316 681 3388; x_wconf 71' lang='lat' dir='ltr'>Sinopensis,</span> <span class='ocrx_word' id='word_1_214' title='bbox 702 3319 779 3371; x_wconf 85' lang='lat' dir='ltr'>cuius</span> <span class='ocrx_word' id='word_1_215' title='bbox 803 3318 904 3377; x_wconf 85' lang='lat' dir='ltr'>librum</span> <span class='ocrx_word' id='word_1_216' title='bbox 924 3315 986 3388; x_wconf 77' lang='lat' dir='ltr'>sepi</span> <span class='ocrx_word' id='word_1_217' title='bbox 1008 3326 1122 3390; x_wconf 68' lang='lat' dir='ltr'>tempsi»</span> 
     </span>
     <span class='ocr_line' id='line_1_31' title="bbox 180 3397 1119 3469; baseline -0.011 -14"><span class='ocrx_word' id='word_1_218' title='bbox 180 3401 276 3455; x_wconf 75' lang='lat' dir='ltr'>laudet</span> <span class='ocrx_word' id='word_1_219' title='bbox 293 3399 417 3469; x_wconf 79' lang='lat' dir='ltr'>Phlegon</span> <span class='ocrx_word' id='word_1_220' title='bbox 440 3397 526 3458; x_wconf 75' lang='lat' dir='ltr'>Trull,</span> <span class='ocrx_word' id='word_1_221' title='bbox 552 3399 586 3452; x_wconf 89' lang='lat' dir='ltr'>de</span> <span class='ocrx_word' id='word_1_222' title='bbox 611 3399 670 3452; x_wconf 87' lang='lat' dir='ltr'>reb.</span> <span class='ocrx_word' id='word_1_223' title='bbox 695 3397 870 3464; x_wconf 77' lang='lat' dir='ltr'>mirab.19.;</span> <span class='ocrx_word' id='word_1_224' title='bbox 895 3398 1011 3467; x_wconf 86' lang='lat' dir='ltr'>denique</span> <span class='ocrx_word' id='word_1_225' title='bbox 1037 3398 1119 3457; x_wconf 67' lang='lat' dir='ltr'>Theo.</span> 
     </span>
     <span class='ocr_line' id='line_1_32' title="bbox 179 3477 1120 3549; baseline 0.006 -16"><span class='ocrx_word' id='word_1_226' title='bbox 179 3495 291 3549; x_wconf 79' lang='lat' dir='ltr'>pompus</span> <span class='ocrx_word' id='word_1_227' title='bbox 300 3478 418 3543; x_wconf 66' lang='lat' dir='ltr'>Ouidius,</span> <span class='ocrx_word' id='word_1_228' title='bbox 432 3479 559 3537; x_wconf 79' lang='lat' dir='ltr'>Caesaris</span> <span class='ocrx_word' id='word_1_229' title='bbox 574 3480 686 3542; x_wconf 86' lang='lat' dir='ltr'>amicus,</span> <span class='ocrx_word' id='word_1_230' title='bbox 700 3477 792 3531; x_wconf 85' lang='lat' dir='ltr'>Strab.</span> <span class='ocrx_word' id='word_1_231' title='bbox 803 3477 876 3530; x_wconf 83' lang='lat' dir='ltr'>xlv.</span> <span class='ocrx_word' id='word_1_232' title='bbox 886 3493 912 3547; x_wconf 88' lang='lat' dir='ltr'>p.</span> <span class='ocrx_word' id='word_1_233' title='bbox 921 3479 987 3533; x_wconf 83' lang='lat'>20⁰.</span> <span class='ocrx_word' id='word_1_234' title='bbox 996 3482 1120 3540; x_wconf 83' lang='lat' dir='ltr'>Tauchn.</span> 
     </span>
     <span class='ocr_line' id='line_1_33' title="bbox 182 3556 1119 3631; baseline -0.001 -13"><span class='ocrx_word' id='word_1_235' title='bbox 182 3564 240 3619; x_wconf 82' lang='lat' dir='ltr'>Cic.</span> <span class='ocrx_word' id='word_1_236' title='bbox 263 3562 299 3613; x_wconf 79' lang='lat' dir='ltr'>ati</span> <span class='ocrx_word' id='word_1_237' title='bbox 322 3563 404 3615; x_wconf 79' lang='lat' dir='ltr'>Attio.</span> <span class='ocrx_word' id='word_1_238' title='bbox 421 3560 495 3625; x_wconf 86' lang='lat' dir='ltr'>Xlll,</span> <span class='ocrx_word' id='word_1_239' title='bbox 512 3561 539 3614; x_wconf 77' lang='lat'>7.</span> <span class='ocrx_word' id='word_1_240' title='bbox 572 3559 638 3612; x_wconf 87' lang='lat' dir='ltr'>Em.</span> <span class='ocrx_word' id='word_1_241' title='bbox 655 3561 730 3614; x_wconf 81' lang='lat' dir='ltr'>clav.</span> <span class='ocrx_word' id='word_1_242' title='bbox 748 3573 775 3627; x_wconf 94' lang='lat' dir='ltr'>p.</span> <span class='ocrx_word' id='word_1_243' title='bbox 793 3556 859 3610; x_wconf 75' lang='lat'>216.</span> <span class='ocrx_word' id='word_1_244' title='bbox 894 3559 969 3613; x_wconf 79' lang='lat' dir='ltr'>Alios</span> <span class='ocrx_word' id='word_1_245' title='bbox 986 3562 1119 3631; x_wconf 85' lang='lat' dir='ltr'>plurimos</span> 
     </span>
     <span class='ocr_line' id='line_1_34' title="bbox 182 3639 1120 3714; baseline -0.001 -16"><span class='ocrx_word' id='word_1_246' title='bbox 182 3642 376 3714; x_wconf 73' lang='lat' dir='ltr'>cognovimus,</span> <span class='ocrx_word' id='word_1_247' title='bbox 407 3657 521 3712; x_wconf 79' lang='lat' dir='ltr'>quorum</span> <span class='ocrx_word' id='word_1_248' title='bbox 549 3642 579 3695; x_wconf 89' lang='lat' dir='ltr'>in</span> <span class='ocrx_word' id='word_1_249' title='bbox 605 3639 747 3710; x_wconf 77' lang='lat' dir='ltr'>republica</span> <span class='ocrx_word' id='word_1_250' title='bbox 770 3653 857 3708; x_wconf 73' lang='lat' dir='ltr'>opera</span> <span class='ocrx_word' id='word_1_251' title='bbox 878 3643 1025 3712; x_wconf 78' lang='lat' dir='ltr'>conspicue</span> <span class='ocrx_word' id='word_1_252' title='bbox 1051 3645 1120 3713; x_wconf 57' lang='lat' dir='ltr'>tuin</span> 
     </span>
     <span class='ocr_line' id='line_1_35' title="bbox 182 3718 841 3798; baseline -0.012 -17"><span class='ocrx_word' id='word_1_253' title='bbox 182 3741 252 3798; x_wconf 87' lang='lat' dir='ltr'>quos</span> <span class='ocrx_word' id='word_1_254' title='bbox 268 3723 322 3777; x_wconf 88' lang='lat' dir='ltr'>hoc</span> <span class='ocrx_word' id='word_1_255' title='bbox 338 3723 401 3776; x_wconf 86' lang='lat' dir='ltr'>loco</span> <span class='ocrx_word' id='word_1_256' title='bbox 418 3737 630 3781; x_wconf 77' lang='lat' dir='ltr'>comntemorsre</span> <span class='ocrx_word' id='word_1_257' title='bbox 647 3718 717 3782; x_wconf 79' lang='lat' dir='ltr'>nihil</span> <span class='ocrx_word' id='word_1_258' title='bbox 732 3721 841 3774; x_wconf 72' lang='lat' dir='ltr'>umet</span> 
     </span>
    </p>
   </div>
   <div class='ocr_carea' id='block_1_7' title="bbox 248 3821 929 3894">
    <p class='ocr_par' dir='ltr' id='par_1_7' title="bbox 248 3821 929 3894">
     <span class='ocr_line' id='line_1_36' title="bbox 248 3821 929 3894; baseline -0.003 -14"><span class='ocrx_word' id='word_1_259' title='bbox 248 3821 277 3890; x_wconf 76' lang='lat' dir='ltr'>s)</span> <span class='ocrx_word' id='word_1_260' title='bbox 296 3822 369 3881; x_wconf 75' lang='lat' dir='ltr'>utut</span> <span class='ocrx_word' id='word_1_261' title='bbox 384 3824 450 3881; x_wconf 78' lang='lat' dir='ltr'>coe.</span> <span class='ocrx_word' id='word_1_262' title='bbox 467 3823 611 3880; x_wconf 77' lang='lat' dir='ltr'>cnxxvn</span> <span class='ocrx_word' id='word_1_263' title='bbox 627 3823 662 3879; x_wconf 79' lang='lat' dir='ltr'>u.</span> <span class='ocrx_word' id='word_1_264' title='bbox 676 3821 699 3880; x_wconf 90' lang='lat'>1.</span> <span class='ocrx_word' id='word_1_265' title='bbox 717 3838 745 3894; x_wconf 66' lang='grc' dir='ltr'>ρ.</span> <span class='ocrx_word' id='word_1_266' title='bbox 764 3821 827 3881; x_wconf 77' lang='lat' dir='ltr'>tuo</span> <span class='ocrx_word' id='word_1_267' title='bbox 843 3821 929 3878; x_wconf 74' lang='lat' dir='ltr'>ueta</span> 
     </span>
    </p>
   </div>
   <div class='ocr_carea' id='block_1_8' title="bbox 380 4023 399 4063">
    <p class='ocr_par' dir='ltr' id='par_1_8' title="bbox 380 4023 399 4063">
     <span class='ocr_line' id='line_1_37' title="bbox 380 4023 399 4063; baseline -0.158 0"><span class='ocrx_word' id='word_1_268' title='bbox 380 4023 399 4063; x_wconf 66' lang='lat' dir='ltr'>h.</span> 
     </span>
    </p>
   </div>
   <div class='ocr_carea' id='block_1_9' title="bbox 0 0 1272 4658">
    <p class='ocr_par' dir='ltr' id='par_1_9' title="bbox 0 0 1272 4658">
     <span class='ocr_line' id='line_1_38' title="bbox 0 0 1272 4658; baseline 0 0"><span class='ocrx_word' id='word_1_269' title='bbox 0 0 1272 4658; x_wconf 95' lang='lat' dir='ltr'> </span> 
     </span>
    </p>
   </div>
  </div>
 </body>
</html>
