2534 4658
520 342 810 427 -26-‘

133 571 135 575 ·
156 531 305 623 piissimis
323 531 489 618 praemiis,
507 526 609 606 ἀγῶνα
627 529 715 601 iilum
735 529 885 608 instituit,
903 531 938 593 ln
959 548 1022 616 qno
1041 527 1099 594 de·

157 645 280 696 certans
299 626 524 714 Theopompus
555 650 625 693 cnm
643 625 841 705 Theodecte,
869 623 1029 691 Naucrate
1049 637 1099 691 at·

158 721 219 817 (pne
239 724 392 802 Isocrate,
419 735 454 786 ut
483 724 629 809 equidem
650 722 800 804 arbitror,
826 722 1027 808 Apolloniate
1051 723 1099 786 vi-

157 829 239 891 cisse
260 825 381 887 dicitur.
400 825 430 901 ¹)
477 816 570 895 erod
594 820 826 908 Apolloniatem
850 819 1020 884 Isocratem
1039 839 1099 904 po·

156 925 218 987 tius
250 941 343 1007 qnam
371 915 509 981 nobilem
533 915 621 982 illum
646 916 872 982 Atheniensem
901 916 1099 1002 eandemque

155 1028 390 1106 praeceptorem
409 1011 610 1100 Theopompi
638 1028 818 1100 superatum
842 1033 913 1077 esse
939 1014 1099 1088 existimo,

154 1121 189 1180 in
212 1136 251 1178 eo
275 1111 354 1176 mihi
382 1109 714 1197 discorsRuhnkenio
734 1106 936 1194 (Historia
955 1130 992 1195 p.·
1007 1104 1099 1189 161.)

155 1210 313 1276 sententia
333 1220 390 1271 est.
437 1204 489 1271 De
518 1228 580 1292 qua
607 1229 648 1271 ne
674 1209 750 1294 quid
773 1201 1099 1273 dubitationis-relin-

157 1319 287 1395 quatur,
313 1303 446 1390 amplius
471 1302 635 1367 dicendum
663 1318 721 1369 est.
762 1303 874 1371 Altera
901 1303 999 1387 igitur
1024 1320 1099 1364 sen·

156 1405 274 1478 tentia,
306 1422 386 1487 qnae
418 1397 660 1485 Theopompum
695 1423 765 1466 cum
800 1413 1007 1486 praeceptore
1038 1417 1100 1467 suo

156 1499 337 1577 committit,
364 1509 428 1560 tres
453 1494 549 1560 habet
574 1510 736 1574 auctores,
768 1498 825 1561 sed
846 1517 902 1561 eos
922 1516 1033 1581 param
1050 1491 1101 1557 lov

156 1594 307 1684 capietes,
326 1592 693 1671 Pseudo-Plutarchum,
713 1593 861 1672 Gellium,
879 1590 1100 1678 Porphyrium.

155 1691 297 1769 Quorum
323 1710 417 1777 quem
443 1690 545 1774 primo
573 1688 644 1754 loeo
667 1693 845 1782 nominavi,
869 1685 1101 1755 Pseudo-Plu·

80 1827 82 1831 Α
156 1788 298 1856 tarchum
313 1791 345 1864 ²)
372 1786 449 1851 satis
490 1798 613 1849 constat
643 1800 817 1852 ceterorum
844 1796 1101 1870 argumentorum
1121 1795 1151 1803 ”

154 1886 288 1975 ponderi
303 1894 460 1967 tamquam
479 1881 635 1946 cumulum
647 1883 782 1947 adiicere
800 1904 912 1970 posse,
929 1902 996 1944 rem
1014 1880 1100 1942 eius-

154 1982 258 2058 modi,
286 1981 320 2042 in
343 1999 405 2063 qua
425 1974 524 2042 multa
547 1991 635 2056 sunt,
665 2001 745 2067 quae
771 1999 949 2064 repugnare
968 1975 1099 2039 videan-

155 2093 225 2156 tur,
254 2096 314 2139 saa
338 2071 436 2136 solius
464 2077 649 2139 auctoritate
684 2073 871 2139 confirmare
895 2095 958 2138 non
992 2093 1098 2158 posse.

155 2173 322 2241 Secundus
358 2181 407 2232 est
434 2167 574 2250 Gellius,
606 2173 695 2235 cuius
730 2169 827 2234 verba
846 2171 877 2249 ³)
906 2172 959 2256 qui
989 2166 1099 2257 paullo

155 2271 331 2338 accuratius
354 2265 617 2345 consideraverit,
648 2266 803 2352 intelliget
828 2267 986 2353 profecto,
1012 2262 1100 2327 hune

153 2382 284 2444 testem,
311 2376 414 2427 utram
431 2364 465 2426 in
486 2376 607 2450 partem
628 2361 759 2427 aliarum
778 2366 934 2428 rationum
958 2361 1100 2445 gravitas

154 2463 370 2536 inclinaverit,
398 2480 437 2522 eo
464 2470 496 2521 et
528 2461 630 2545 ipsum
661 2482 831 2525 cessurum.
886 2458 951 2522 Sed
976 2457 1027 2519 his
1055 2475 1098 2518 ne

154 2561 364 2629 Ruhnkenius
381 2557 505 2644 quidem
516 2554 647 2619 multum
657 2554 773 2620 tribuit.
810 2556 1006 2641 Relinquitur
1018 2552 1098 2616 Por·

90 2691 96 2715 t
154 2660 302 2748 phyrins,
324 2657 412 2720 cuius
436 2651 541 2717 verbis
561 2655 688 2716 minime
709 2652 863 2737 ambiguis
884 2664 1003 2716 motum
1024 2670 1097 2713 esse

153 2754 378 2821 Ruhnkenium
405 2771 470 2813 non
494 2751 601 2813 miror.
643 2748 758 2812 Exstat
783 2749 872 2814 loeus
892 2750 976 2836 apud
995 2748 1097 2811 Euse-

154 2850 259 2916 bium:
274 2849 306 2934 ⁴)
330 2849 442 2909 Καίτοι
470 2843 648 2930 ὑπερφρονεῖ
665 2842 701 2927 (ὁ
727 2842 918 2932 Θεόπομπος)
943 2842 997 2909 τὸι
1016 2841 1097 2906 ’Ioo-

154 2944 275 3032 κράτην,
302 2941 354 3006 καὶ
371 2946 541 3027 νενικῆσθαι
565 2939 619 3022 ὑφ’
642 2939 754 3005 ἑαυτοῦ
779 2938 854 3022 λέγει
873 2942 953 3006 κατὰ
970 2940 1023 3005 τὸν
1046 2940 1098 3004 ἐπὶ

158 3220 159 3225 ¹
224 3260 252 3325 ¹)
271 3259 347 3314 Suid.
365 3274 387 3311 ι.
405 3274 432 3311 r.
447 3253 613 3333 Ἰσοκράτης.
635 3259 715 3313 Tom.
732 3259 765 3312 11.
780 3275 807 3329 p.
822 3256 886 3313 151.

222 3361 248 3426 ²)
267 3361 300 3415 V.
314 3361 350 3417 X.
367 3363 443 3415 Orat.
459 3378 486 3431 p.
504 3361 570 3417 240.

222 3460 312 3527 ³)Ea
334 3466 376 3517 sic
405 3463 521 3519 habent:
548 3464 592 3518 Ad
614 3479 660 3517 eat
684 3463 774 3517 ὶιιιᾰιι
799 3458 970 3512 &conum
993 3458 1095 3511 veniere

155 3547 279 3601 ιΙίιιιιιτιιι
297 3543 350 3596 oiri
365 3546 463 3598 nobiles
484 3545 592 3618 ingenio
617 3555 695 3616 atque
714 3543 808 3612 lingua
825 3538 990 3611 praestabili,
1012 3538 1094 3592 Theo·

152 3644 272 3700 pompus,
300 3624 464 3692 Theodectes,
487 3626 643 3682 Naucrates.
678 3625 748 3679 Suet
768 3622 855 3688 etiam,
883 3620 930 3691 qui
946 3619 1093 3676 Ιιιιιιιιιιι

157 3711 242 3781 braum
259 3723 318 3761 cum
335 3706 369 3760 it'r
393 3709 531 3763 ιιιιιιίιιι
549 3707 690 3763 memoriae
709 3702 898 3761 mandaverint.

222 3811 250 3874 ⁴)
268 3808 370 3865 Euaeb.
387 3811 484 3882 Praep.
502 3811 608 3882 Evang.
627 3810 662 3875 X,
681 3806 707 3864 3.
726 3823 754 3879 p.
771 3805 836 3864 tot
855 3808 885 3860 0.
905 3804 947 3858 ed.
963 3803 1058 3857 coion.
