2534 4658
606 382 811 447 -52-

240 552 491 635 cychramus
511 560 599 625 sunt3
625 570 757 635 quorum
776 550 855 614 alter
876 564 1016 616 veterem
1037 551 1188 637 iogogra·

241 649 374 735 phorum
394 647 653 710 consuetudinem
665 647 855 726 emendavit,
872 651 918 712 sic
936 661 971 712 ut
988 649 1131 736 plurimis
1152 651 1187 712 in

239 743 380 831 partibus
399 746 528 829 egregie
546 741 689 808 historici
713 743 853 809 officium
871 758 1020 823 tueretur,
1046 749 1080 809 in
1107 767 1189 810 non·

241 841 336 906 nullis
359 864 477 919 eorum,
494 862 514 903 a
535 838 648 926 quihus
662 854 747 905 esset
764 843 935 927 profectus,
954 843 1188 907 similitudinem

242 937 619 1025 quandamrelinqueret3
640 935 756 1002 altere
777 937 847 1002 foro
866 951 960 1024 atque
980 939 1117 1003 emedia
1137 961 1189 1004 re-

141 1070 142 1075 κ
240 1034 367 1120 publica
387 1047 420 1096 et
439 1035 572 1098 rnaximi
588 1032 665 1098 belli
683 1037 815 1119 strepitu
835 1035 875 1098 ad
885 1033 1047 1100 historiam
1063 1056 1098 1099 se
1112 1057 1190 1100 con-

242 1132 322 1209 tulit,
348 1153 480 1218 earnque
501 1128 540 1194 ab
561 1132 659 1196 anirni
682 1129 892 1204 oblectatione
920 1132 1086 1202 adrerum
1104 1135 1190 1209 veri-

241 1241 338 1292 tatem
362 1229 536 1292 traductam
565 1224 670 1312 ampla
696 1238 790 1312 atque
820 1226 904 1290 elata
933 1248 1012 1292 voce
1039 1242 1191 1316 tanquam

242 1327 452 1388 inconcione
478 1322 567 1409 loqui
587 1324 704 1387 docuit.
746 1323 788 1386 Et
812 1321 864 1386 hic
888 1325 1014 1409 quidem
1032 1347 1076 1390 ex
1096 1326 1191 1391 Anti·

241 1420 369 1509 phontis
388 1421 575 1485 Rhamnusii
600 1417 765 1504 disciplina
792 1433 943 1497 venerat,v
964 1424 1017 1508 qui
1043 1444 1110 1487 non
1137 1444 1191 1486 so·

241 1519 307 1584 lum
326 1522 396 1607 ipse
407 1519 567 1582 orationes
583 1516 657 1579 feeit
667 1537 781 1600 graves
793 1538 831 1579 ac
850 1519 1005 1602 copiosae,
1028 1521 1192 1585 sedetiam

242 1630 343 1681 artem
371 1614 495 1679 dicendi
522 1614 589 1677 fere
621 1615 741 1698 primus
769 1609 904 1676 Athenis
935 1615 1096 1700 professus
1130 1631 1192 1682 est.

242 1711 316 1789 Quo
335 1713 461 1798 quidem
473 1712 508 1774 iu
517 1730 635 1795 genere
648 1711 827 1795 superiores
841 1731 950 1774 omnes
961 1714 1007 1775 sio
1016 1713 1093 1776 vicit
1108 1710 1191 1778 Gor·

242 1813 315 1896 giae
335 1809 420 1873 illius
440 1809 561 1893 antiqui
575 1806 745 1891 diseiprdus
762 1804 928 1884 Isocrates,
944 1798 993 1885 nt,
1013 1806 1127 1894 quibus
1146 1831 1192 1873 ex

242 1906 338 1972 rebus
360 1903 536 1968 efficeretur
549 1915 665 1980 orator,
686 1904 804 1987 optime
820 1917 852 1967 et
860 1907 1036 1991 praeceptis
1048 1927 1191 1993 compre·

243 2004 392 2069 hendisse
407 2014 439 2064 et
458 1997 605 2084 exemplo
619 1999 850 2083 demonstrasse
872 2002 1044 2065 videretur:
1064 2005 1116 2066 cui
1129 2005 1192 2066 nisi

242 2100 380 2164 forensis
400 2097 586 2159 exercitatio
604 2093 766 2171 defuisset,
783 2097 954 2179 perfeetum
975 2112 1132 2164 oratorem
1144 2095 1193 2163 diss

243 2217 342 2261 ceres.
385 2191 450 2256 Sed
475 2214 495 2255 a
517 2191 668 2255 concione
691 2202 723 2253 et
747 2191 871 2256 iudiciis
894 2215 989 2280 quum
1010 2219 1083 2262 eum
1101 2199 1192 2262 vocis

242 2291 408 2355 infirmitas
439 2287 613 2375 etquidem
638 2287 741 2371 pudor
766 2291 969 2369 removisset,
1004 2293 1131 2357 mollem
1155 2295 1191 2356 in

243 2387 355 2452 umbra
387 2399 481 2473 atque
508 2383 704 2470 splendidam
731 2387 905 2449 orationem
927 2388 1082 2468 educavit,
1109 2411 1192 2475 quae

244 2483 424 2559 delectaret,
457 2480 514 2545 sed
534 2480 575 2543 ad
596 2480 704 2543 civiles
724 2485 955 2547 controversias
974 2488 1078 2549 nriuus
1095 2485 1193 2550 roho·

243 2585 289 2647 ris
306 2579 448 2644 haberet.
489 2576 541 2641 Ab
563 2575 623 2640 hoc
647 2577 757 2640 doctus
777 2575 1004 2664 Theopompus
1024 2584 1071 2646 sio
1093 2585 1192 2671 scrip·

243 2681 286 2742 sit
321 2677 502 2750 historiam,
534 2684 570 2745 ut
605 2685 762 2738 oratorem
794 2674 846 2739 vel
878 2680 984 2760 potius
1018 2677 1192 2763 sophistam

244 2794 445 2860 agnosceres.
1054 2799 1056 2803 ·

325 2869 375 2934 Ac
408 2889 509 2954 genus
538 2863 663 2930 dicendi
688 2863 881 2932 [socrateum
909 2871 944 2932 in
970 2873 1039 2935 eius
1065 2873 1192 2957 scriptis

244 2965 437 3054 deprehendi
454 2977 541 3046 tanto
562 2976 704 3026 veterum
723 2961 910 3029 Criticorum
937 2988 1094 3032 consensu
1114 2991 1191 3034 eou-

243 3076 316 3140 stat‚
335 3076 370 3125 ut
381 3063 514 3138 mireris,
538 3058 612 3146 quid
624 3057 719 3122 Petro
740 3080 802 3122 van
813 3058 920 3146 Spean
937 3066 971 3127 in
986 3077 1191 3128 mentemve-

243 3164 335 3239 uerit,
359 3158 545 3245 quumheec
561 3154 714 3219 scriberet
735 3153 881 3237 (Dissert.
896 3159 934 3222 de
946 3157 1076 3247 Antiph.
1096 3158 1191 3224 Tom.

241 3255 313 3320 vll.
332 3281 363 3342 p.
378 3254 449 3320 806.
462 3251 585 3333 Reisk.)
624 3248 800 3327 „Isocrates
816 3250 1056 3342 Theopompum
1069 3257 1109 3320 ad
1123 3256 1192 3320 elo-,

242 3354 401 3438 quentiem
418 3350 582 3424 formavit,
611 3344 859 3414 Demosthenem
883 3349 1003 3415 isaeus.
1046 3357 1091 3416 At
1118 3355 1192 3439 quis

242 3446 484 3533 Theopompum
504 3446 646 3508 oratione
662 3444 795 3510 similem
808 3447 892 3510 dicat
904 3446 1036 3528 Isocrati
1054 3440 1109 3512 aut
1120 3447 1191 3512 De·
1223 3439 1225 3442 ⁵

241 3542 437 3608 mostheuem
457 3538 588 3605 isaeoi”
628 3540 681 3603 De
701 3539 917 3605 Demosthene
945 3566 1029 3608 nunc
1055 3567 1119 3608 non
1141 3546 1190 3608 di·

240 3652 342 3725 sputo.
387 3637 588 3722 Theopompi
608 3639 709 3700 oratio
731 3637 831 3724 qualis
851 3637 956 3718 fuerit,
984 3645 1120 3727 optimus
1141 3654 1188 3705 ta·

172 3764 174 3769 ·
238 3736 316 3800 lium
330 3755 434 3803 rerum
442 3732 551 3810 iudex,
564 3732 751 3818 Dionysius,
766 3734 892 3797 doceat:
912 3734 986 3802 Vol.
1002 3737 1060 3805 Vl.
1071 3761 1102 3822 p.
1116 3736 1189 3806 786.

235 3829 271 3894 Ὁ
285 3830 317 3895 δὲ
329 3828 460 3905 λεκτικὸς
473 3825 671 3914 (Θεοπόμπου
685 3827 863 3916 χαρακτὴρ)
881 3829 1045 3921 Ἰσοκράτει
1052 3831 1189 3918 ,μάλιστα
