2534 4658
524 371 841 443 -lssv'

155 542 344 612 Timarchus
373 542 593 612 rhntiocheuus
617 542 780 630 sophista,
806 562 914 630 atquo
943 544 1107 613 Lucienus

154 666 250 732 quum
270 655 356 709 esset
379 640 557 720 lacessitus,
581 643 786 728 gravissimas
808 639 850 707 ab
869 641 997 707 homine
1018 643 1107 708 stoli·

155 743 216 805 dae
234 740 436 824 arrogantiae
454 737 550 825 pleno
569 759 690 825 poenas
710 741 830 824 exegit,
849 741 979 825 eiusque
1001 761 1107 805 mores

155 840 354 925 turpissimos
378 848 471 923 utque
497 835 714 903 incredibilem
739 833 968 920 elegantiarum
986 835 1107 902 littera-

155 958 226 1000 ruun
246 934 415 1009 inscitiam,
433 934 568 1020 denique
587 931 753 999 ridiculum
773 953 876 1018 genus
902 931 1028 998 dicendi
1045 933 1108 999 hoc

155 1030 264 1097 libello
285 1032 437 1094 acerrime
456 1031 629 1096 insectatus
650 1041 706 1094 est.
752 1026 786 1093 Is
804 1031 901 1113 igitur
919 1025 1108 1096 Timarchus

106 1213 111 1222 ¹
157 1142 268 1195 contra
295 1124 496 1213 Theopompi
523 1124 732 1191 'l'ricarauum
758 1127 849 1211 quasi
873 1147 979 1191 coram
1003 1128 1108 1193 iudice
1162 1195 1168 1208 ,

157 1225 373 1300 declamitare,
392 1224 528 1300 dixerat,
548 1245 621 1286 eum
635 1221 814 1304 tricuspide
834 1223 977 1287 oratione
1000 1222 1109 1289 claris-

157 1326 255 1388 simas
273 1323 417 1386 civitates
434 1318 641 1395 destruxisse,
664 1331 697 1381 et
713 1315 778 1381 elio
789 1315 872 1393 loco,
892 1341 967 1385 aum
984 1319 1110 1406 ἔκτρι-

159 1423 329 1483 αινῶσαι
349 1415 405 1492 τὴν
422 1413 566 1490 Ἑλλάδα,
593 1412 646 1477 καὶ
664 1409 737 1478 εἶναι
755 1412 952 1498 Κέρβερον
978 1418 1110 1506 (tricipi.

157 1529 222 1580 tem
243 1513 374 1597 scilicet)
399 1510 430 1576 ἐν
455 1521 520 1586 τοῖς
541 1507 650 1587 λόγοις.
696 1508 853 1577 Nimirum
874 1510 1111 1601 Theopompus,

158 1617 188 1678 si
210 1612 284 1700 quid
305 1612 410 1689 video,
430 1619 498 1675 tres
514 1609 678 1695 primarias
689 1619 794 1695 atque,
816 1622 851 1673 ut
865 1610 910 1674 itu
925 1612 1037 1691 dicam,
1054 1635 1112 1679 cu·

154 1712 279 1795 pilades
301 1707 455 1773 Graeciae
477 1705 573 1771 urbes
591 1707 625 1769 iu
647 1702 823 1769 Trioarano
842 1709 1112 1778 criminationibus

159 1806 367 1893 prosciderat.
422 1805 528 1891 Atque
557 1805 592 1866 in
617 1815 723 1886 etymo
753 1805 891 1869 nominis
920 1801 1111 1889 Τρικάρανος

158 1906 244 1969 idem
264 1903 428 1967 Lucienus
461 1900 523 1966 alio
549 1897 621 1965 loeo
648 1898 755 1984 Fugit.
776 1899 829 1964 32.
857 1901 1001 1968 similiter
1025 1902 1111 1971 lusit.

159 2000 270 2065 Verba
300 2000 376 2064 fucit
398 1996 593 2075 Mercurius,
619 1997 735 2060 missus
762 1994 888 2075 alove,
913 2011 950 2064 ut
965 2001 1112 2070 Philoso-

159 2098 266 2186 phiam
297 2095 337 2162 ab
365 2117 475 2160 eorum
498 2095 662 2160 hominum
685 2093 817 2178 flagitiis
849 2095 1031 2178 vindicaret,
1058 2103 1112 2189 qui

161 2197 211 2261 his
229 2190 423 2279 temporibus
444 2196 522 2257 satis
541 2191 642 2270 multi,
670 2189 780 2256 relicta
808 2192 844 2254 in
872 2215 933 2278 qua
954 2197 1114 2264 invetera-

162 2302 275 2355 verant
296 2292 360 2353 sita
379 2288 537 2352 sellularia
557 2290 755 2375 negotiisque
775 2284 991 2368 illiberalibus,
1011 2294 1114 2379 philo·

162 2387 336 2474 sophorum
353 2384 494 2449 habitum
505 2385 682 2472 cultumque
703 2385 862 2469 suscipere
873 2405 1114 2471 consueverant,

162 2504 295 2572 quorum
314 2481 374 2546 sub
394 2484 611 2547 commenticio
633 2480 871 2567 adulterinoque
896 2486 1023 2549 nomine
1040 2510 1114 2574 pes-

162 2585 259 2646 simas
283 2578 431 2643 libidines
457 2591 660 2657 exercerent,
688 2577 944 2667 impudentisque
962 2585 1115 2669 poscendi

162 2701 258 2777 qpum
278 2679 436 2742 maximas
455 2676 581 2740 divitias
602 2674 814 2761 collegissent,
843 2675 968 2742 abiecta
987 2681 1115 2746 simula-

163 2780 250 2845 tione
270 2773 425 2861 reliquam
443 2787 580 2839 aetatem
599 2775 705 2837 securi
726 2777 883 2862 otiosique
911 2775 946 2838 in
975 2779 1115 2843 omnium

162 2872 360 2959 voluptatum
379 2868 572 2935 abundantia
594 2883 689 2955 etque
715 2872 749 2934 in
772 2868 952 2936 detestabili
975 2871 1115 2959 flagitio·

162 2991 233 3035 rum
249 2969 431 3053 impuritate
452 2967 673 3050 transigerent.
724 2964 902 3031 Mercurius
925 2969 1023 3052 igitur
1044 2992 1116 3036 cum

163 3063 301 3129 Hercule
329 3065 460 3149 ipsaque
479 3060 685 3148 Philosophia
711 3063 751 3126 ad
776 3063 811 3128 id
832 3083 934 3150 genus
953 3062 1116 3132 hominum

165 3161 374 3227 coercendum
399 3157 573 3245 profectus,
608 3158 760 3223 fullonem
793 3159 948 3247 quendam
973 3162 1116 3243 offendit,

165 3261 256 3325 cuius
272 3271 335 3322 tres
346 3254 474 3332 servuli,
498 3253 687 3333 (lantherus,
706 3253 864 3338 Lecythio
887 3253 1116 3347 etMyropnus,

165 3356 279 3422 eodem
299 3350 542 3440 philosophandi
560 3350 667 3416 furore
692 3353 838 3436 correpti,
861 3372 927 3417 una
951 3376 1023 3427 cum
1047 3359 1117 3427 eius

165 3474 270 3516 uxore
289 3451 477 3534 effugerant.
520 3444 665 3522 Quocum
675 3452 797 3514 sociato
814 3451 926 3513 itinere
948 3472 1042 3537 quum
1053 3453 1117 3518 Or·

165 3547 241 3636 phei
261 3547 379 3610 indicio
399 3545 527 3610 domum
544 3547 678 3609 istorum
701 3546 805 3608 omnis
826 3547 995 3632 ‘nequitiae
1015 3552 1117 3637 magl-

166 3658 304 3710 strorum
314 3644 548 3728 cognovissent,
566 3639 729 3707 mulierem
738 3643 824 3704 intus
836 3639 1008 3715 Homerica
1020 3668 1117 3747 qnae·

167 3742 241 3807 dam
261 3740 454 3823 cumscrvte
477 3751 656 3807 cantantem
685 3738 826 3802 audium.
867 3735 951 3823 Tum
971 3740 1117 3825 dominus

168 3843 212 3918 (ς,
233 3836 315 3922 31.):
339 3833 426 3919 Οἴμοι
444 3831 540 3914 γύναι,
561 3829 620 3898 ὅσα
639 3833 797 3909 πέπονθας
815 3830 874 3900 ὑπὸ
892 3836 988 3923 susum
1006 3835 1117 3904 rocol-
