2534 4658
520 322 724 390 -to...

154 490 227 552 datu
236 487 379 573 Epistola
397 488 437 554 ad
447 483 717 581 Pompelum,'qui
736 493 775 556 de
796 495 880 558 vitiis
892 492 1094 584 Theopompi

153 588 199 649 sic
222 587 369 672 disputat,
396 609 434 652 ea
452 601 488 652 ut
505 610 525 654 a
545 589 672 653 laudum
697 596 991 657 commemoratione
1008 594 1096 658 haud*

152 683 283 746 multum
297 682 409 748 abesse
431 684 605 750 videantur.
644 683 728 751 Nata
744 700 816 750 sunt
835 691 919 753 enim
937 691 1004 754 fere
1026 713 1094 756 orn·
1125 701 1130 709 '

154 783 207 844 nia
218 802 261 844 ex
274 783 371 845 nimio
393 782 528 867 quodam
539 780 692 862 ὠραϊσμοῦ
702 785 817 859 studio,
838 806 897 849 nec
910 790 988 850 setis
1002 809 1094 852 seve·
1161 812 1163 817 ’

152 899 189 940 ra
207 881 394 963 praestantis
403 881 523 963 ingenii
535 881 760 944 moderatione.
798 879 870 956 Quo
889 905 959 947 oum
974 886 1094 948 iudicio
1159 896 1163 906 '

154 977 282 1058 egregie
304 978 442 1039 conciuit
451 975 516 1040 Dio
531 975 693 1060 Chrysost.
712 977 800 1042 Orat.
812 976 933 1044 XVIII.
943 1003 975 1066 p.
985 980 1103 1046 utne.-

152 1068 277 1135 Morell.
298 1068 352 1154 (T.
372 1070 398 1135 I.
426 1096 458 1158 p.
478 1068 549 1142 479.
569 1072 692 1158 Reiek.)
737 1080 808 1138 Teia
835 1073 868 1138 δὲ
889 1074 989 1161 ἄκρων
1013 1078 1097 1140 Θου·
1161 1092 1164 1097 “

154 1164 271 1248 κυδίδης
297 1166 364 1248 ἕμολ
388 1165 472 1230 δοκεῖ
492 1168 543 1231 καὶ
567 1175 628 1234 ταῖν
653 1168 796 1255 δευτέρων
820 1170 1016 1254 Θεόπομπος·
1044 1173 1099 1236 καί

152 1262 211 1347 γὰρ
234 1261 384 1346 ίοτορικόν
402 1288 431 1328 τι
450 1265 518 1351 περί
530 1265 591 1350 ,τὴν
619 1265 798 1344 ἀπαγγελίαν
824 1272 886 1333 τῶν
910 1265 1009 1345 λόγων
1028 1269 1102 1352 ἔχει,4

154 1361 205 1423 καὶ
227 1360 284 1424 οὖν
306 1361 452 1439 ἀδύνατος
481 1359 552 1428 οὐδὲ
578 1361 678 1440 ὀλίγος
698 1363 765 1448 περὶ
787 1363 842 1447 τὴν
864 1365 1025 1450 ἑρμηνείαν,
1045 1367 1099 1430 καλ

153 1456 190 1520 τὸ
211 1453 351 1542 ῥᾴθυμον
369 1460 437 1546 περὶ
456 1460 512 1532 τὰς
530 1458 617 1535 λέξας
638 1459 808 1543 οὐχ-οὕτως
826 1466 950 1542 φαῦλον,
967 1462 1044 1527 ὥστε
1066 1487 1099 1528 σε

154 1552 290 1636 λυπῆσαι.
332 1554 405 1633 Quo
427 1559 552 1645 quidem
580 1559 615 1620 in
640 1557 711 1624 Inoo
730 1571 802 1645 post
824 1582 873 1638 ea,
901 1582 982 1646 quae
1001 1583 1099 1648 supra

155 1653 393 1739 disputavimus,
422 1659 469 1721 sie
496 1667 570 1719 sunt
596 1658 702 1719 omnia
722 1668 831 1741 aperta
860 1658 900 1720 ad
919 1657 1099 1744 intelligen-

154 1753 242 1827 tiam,
261 1763 297 1814 ut
315 1751 393 1814 nihil
413 1753 452 1816 de
472 1750 598 1817 ReIskii
619 1764 735 1817 conatu
752 1752 928 1816 addendum
944 1755 1099 1819 videatur.

154 1845 300 1933 Inprimis
328 1869 403 1913 vero
429 1847 547 1912 clarum
569 1846 769 1935 Theopompi
789 1852 937 1914 vlrtutum
959 1854 1099 1918 testimo·

155 1948 243 2009 nium
264 1945 449 2034 ediderunt,
462 1947 516 2031 qui
533 1946 719 2031 scriptorum
735 1948 769 2009 in
790 1966 848 2010 suo
871 1948 1021 2034 cuiusque
1040 1971 1098 2034 ge·

155 2063 232 2107 nere
264 2044 605 2127 praestantissuuorum
634 2063 773 2108 canones
803 2042 917 2106 fecisse
944 2045 1099 2125 dicuntur,

154 2137 384 2225 Aristophanes
403 2136 576 2221 Byzantius
605 2153 637 2204 et
657 2136 869 2215 Aristarchus,
897 2142 949 2226 qui
972 2145 1101 2206 eumin

153 2235 320 2300 illustrium
340 2237 540 2320 Ingeniorum
557 2239 708 2301 societate
729 2248 823 2321 atque
842 2239 877 2298 in
895 2241 1101 2323 praestantis·

155 2336 306 2398 sirnorum
336 2332 556 2397 historicorum
578 2337 660 2397 serie
690 2333 930 2398 collocaverunt.
948 2339 978 2414 ¹)
1013 2333 1098 2399 Her-

155 2452 308 2517 mogenes
337 2430 375 2494 de
396 2431 504 2495 Form.
523 2429 611 2494 Orat.
633 2427 673 2494 Τ.
694 2429 750 2494 III.
769 2455 800 2517 p.
821 2432 892 2495 396.
913 2432 963 2495 ed.
981 2430 1099 2496 Sturrn.

155 2549 221 2592 non
239 2539 358 2614 exputo
379 2528 452 2615 quid
467 2530 663 2614 spectaverit,
685 2549 779 2614 quum
799 2527 964 2592 seriberet:
983 2528 1013 2613 ²)
1031 2527 1101 2613 rupi

159 2624 342 2708 Θεοπόμπου
369 2622 421 2685 καὶ
446 2620 581 2707 Ἐφόρου
608 2623 660 2686 καὶ
677 2620 853 2686 Ἑλλανίκου
877 2623 929 2686 καὶ
952 2621 1098 2688 Φιλίστου

156 2722 211 2785 καλ
226 2728 288 2788 τῶν
306 2720 416 2803 ὁμοίαν
440 2716 558 2794 τούτοις
577 2719 714 2806 περιττὸν
734 2719 833 2796 ἔδοξεν
855 2717 930 2785 εἶναι
947 2745 998 2805 μοι
1022 2720 1100 2808 γρά-

224 2977 250 3042 ¹)
269 2977 332 3030 vid.
351 2974 530 3030 Ruhnkenlus
550 2977 579 3030 in
596 2977 668 3030 llist.
690 2979 756 3032 crit.
775 2977 821 3030 Or.
841 2976 888 3029 Gr.
907 2991 934 3046 p.
950 2950 1014 3031 1681·
1022 2991 1099 3046 seqq.

157 3061 191 3116 ol.
208 3058 405 3129 wyttenbach.
423 3059 479 3112 Vit.
498 3058 640 3112 Ruhnken.
659 3075 686 3128 p.
704 3056 768 3111 145.
789 3064 882 3109 annot.
900 3073 927 3126 p.
941 3055 1006 3110 286.
1022 3072 1099 3126 seqq.

40 3190 44 3193 ,
158 3147 286 3197 Creuzer.
299 3142 333 3194 de
347 3145 399 3193 art.
412 3140 476 3194 hist.
490 3138 538 3191 Gr.
552 3155 580 3208 p.
591 3139 656 3192 224.
668 3155 725 3208 seq.
765 3138 796 3192 ln
812 3138 884 3191 BIbl.
896 3138 977 3191 coisl.
995 3153 1023 3206 p.
1033 3137 1098 3191 597.

141 3225 185 3283 'hi
202 3219 391 3276 numerantur:
421 3216 600 3286 nonnullius.
621 3216 775 3292 ‘Hpn'tioroe
784 3257 792 3283 ,
807 3219 955 3285 Ξενοφῶν,
974 3217 1100 3281 Φίλιστος

156 3306 226 3374 (uid.
245 3305 367 3358 Goeller.
387 3303 420 3355 de
432 3301 539 3355 Philist.
557 3316 583 3369 p.
596 3298 682 3366 134),
700 3298 865 3370 Θεόπομπος,
876 3295 1003 3372 Ἔφορος,
1017 3295 1100 3354 Ἀνα-

140 3385 271 3455 4ίξιμὲνης.
294 3381 479 3451 Καλλισθένης
485 3421 493 3446 ,
512 3379 686 3446 Ἕλλοίνινος,
708 3380 856 3452 Πολύβιος.
894 3381 936 3436 Cf.
952 3382 1041 3435 Marx.
1060 3381 1099 3435 ad

156 3466 258 3538 Ephor.
276 3483 303 3536 p.
320 3467 365 3521 62.
402 3466 520 3518 Heeren.
538 3465 607 3534 Opp.
627 3465 660 3516 T.
678 3463 723 3517 Vl.
742 3481 767 3534 p.
785 3459 850 3516 433.

222 3565 249 3630 2)
269 3571 374 3622 Locum
394 3567 577 3634 Hermogenis
597 3567 724 3635 quoniam
741 3565 801 3635 ipse
819 3563 954 3633 inspicere
975 3578 1030 3614 non
1048 3577 1096 3630 po·

156 3650 205 3713 tul,
225 3648 338 3702 exhibui
363 3664 397 3702 ex
420 3649 474 3701 lide
495 3647 598 3700 Marrii
621 3646 723 3716 Ephor.
750 3661 777 3713 p.
793 3641 894 3697 thet
914 3643 1038 3696 Goelleri
1063 3643 1098 3696 do

155 3731 263 3785 Philist
285 3747 311 3800 p.
330 3728 395 3784 134.
412 3745 469 3800 seq.
507 3727 561 3783 cfr.
585 3730 713 3783 Creuzer.
739 3724 794 3779 tt
815 3741 840 3794 p.
858 3723 923 3778 225.
945 3725 980 3777 de
997 3724 1097 3778 Hetut.

155 3813 245 3868 Miles.
263 3829 289 3884 p.
305 3811 349 3867 16.
