2534 4658
531 352 739 415 ...12-

159 537 206 583 se.
222 518 252 601 ¹)
304 514 376 595 Qua
403 519 571 583 occasione
596 518 625 583 si
653 514 895 602 Theopompum
925 537 1050 605 quoque
1084 537 1106 583 a

158 613 249 681 Chiis
267 627 427 700 receptum
447 627 579 692 statuas,
597 626 690 678 natus
704 614 746 677 sit
767 631 898 676 necesse
917 611 1103 700 estolymp.

157 709 274 797 (3113.
317 709 487 776 Enimvero
507 713 622 776 uicisse
641 707 730 774 illurn
757 707 937 795 eloquentia
959 711 993 773 in
1020 709 1104 774 ludis

157 805 344 878 funebribus
368 805 526 884 Mausoli,
559 804 674 872 Cariae
701 807 804 892 regis,
836 805 959 872 Gellius
994 820 1105 870 auctor

158 916 223 969 est:
239 903 269 986 ²)
295 905 349 989 qui
375 905 445 968 sive
473 902 598 989 Olymp.
625 901 665 982 C,
683 905 717 966 2.·
742 915 786 967 ut·
802 901 925 967 Plinius
941 901 971 987 ³)
998 902 1103 981 tradit,

156 1001 226 1064 siue
248 997 375 1086 Olymp.
402 999 503 1078 ClII.‚
540 1017 635 1085 quam
670 999 788 1065 indicat
824 998 957 1076 suidas,
972 999 1004 1082 ⁴)
1034 1001 1103 1062 sive

157 1097 291 1182 denique
314 1095 449 1184 Olymp.
480 1095 565 1173 cvl,
590 1091 622 1160 4.
648 1118 728 1183 quae
760 1108 808 1160 est
823 1095 993 1159 'sententia
1020 1093 1104 1159 Dio·

156 1192 236 1269 dori,
252 1191 282 1275 5)
307 1191 400 1258 obiit:
433 1191 505 1257 fieri
533 1212 598 1256 non
631 1205 752 1279 potest,
785 1204 821 1256 ut
853 1212 957 1256 annus
986 1191 1103 1256 natalis

156 1286 355 1374 Theopompi
371 1301 457 1354 recte
478 1286 602 1353 lrabeat.
645 1286 753 1364 Quare
767 1287 852 1354 aliud
870 1301 991 1371 tempus
1004 1307 1102 1373 quae·

154 1386 286 1452 rendum
307 1397 366 1461 est,
390 1405 452 1471 quo
473 1381 587 1448 Chium
612 1382 795 1451 historicum
824 1387 859 1450 in
887 1384 1021 1470 patriam
1045 1381 1102 1446 de·

154 1483 282 1548 ductum
300 1502 372 1545 esse
393 1478 587 1566 prbbabilius
608 1481 760 1546 videatur.

216 1579 342 1645 ¹Persis
361 1579 457 1662 igitur
479 1580 615 1663 equestri
644 1579 684 1643 ad
712 1578 882 1644 Granicum
909 1575 1029 1663 praelio
1049 1576 1101 1640 fu·

152 1677 246 1762 gatis,
263 1695 416 1760 magnum
430 1675 559 1736 exstitit
572 1688 767 1760 satraparum
787 1677 1010 1758 civitatumque
1030 1694 1101 1737 cer·

153 1787 258 1836 tamen
294 1784 387 1856 atque
422 1770 614 1834 incredibilis
646 1772 801 1857 cupiditas
835 1771 876 1836 ad
901 1768 1121 1836 Macedonas·

126 1874 129 1878 ‘
152 1866 366 1942 desciscendi,
389 1883 470 1949 quae
498 1866 596 1930 multo
625 1871 802 1953 graviorem
831 1887 926 1954 quam
946 1869 1016 1952 ipsa
1036 1889 1104 1952 pu·.

151 1986 216 2050 gna
239 1962 335 2028 rebus
361 1960 528 2026 Persarum
555 1962 677 2028 cladem
701 1963 829 2028 inflixit.
878 1963 927 2029 Ac
954 1965 1096 2027 maxime

24 2122 26 2124 ,
150 2065 179 2126 is
197 2061 290 2127 ardor
307 2058 449 2124 Graecos
467 2072 603 2144 ceperat,
622 2080 755 2146 querum
775 2082 811 2124 se
830 2057 983 2124 libertatis
1004 2068 1097 2124 caus-

149 2179 187 2222 sa
206 2156 389 2222 Alexander
407 2153 523 2219 Mllurn
543 2170 653 2222 contra
672 2155 824 2221 barbares
847 2159 1025 2243 suscepisse
1046 2157 1097 2220 di·

149 2253 249 2320 cebat.
267 2255 299 2334 6>
344 2249 453 2338 ltaque
481 2252 616 2337 primum
644 2251 780 2330 Sardes,
811 2252 910 2317 ardua
938 2275 976 2318 ac
1000 2275 1096 2340 prae·

88 2636 89 2639 Ἴ
215 2567 244 2636 ¹)
269 2567 353 2624 Diod
376 2568 431 2625 Sic.
453 2568 544 2636 XVII,
566 2569 629 2629 tce,
648 2572 753 2640 livill,
769 2570 796 2628 8.
825 2573 875 2628 ubi
899 2583 992 2632 exstat
1015 2577 1092 2634 litte·

144 2666 237 2705 rarum
263 2649 432 2721 exemplum·
460 2648 592 2716 Βασιλεὺς
610 2611 778 2728 billiuvdpbc
800 2656 857 2718 τοῖς
880 2656 910 2710 ἐκ
932 2661 984 2714 rer
996 2656 1094 2730 Ἐλλη-

144 2729 225 2789 slim
243 2729 345 2786 πόλεων
360 2729 474 2803 φυγάσι.
512 2730 570 2786 Τοῦ
589 2731 639 2803 μὲν
655 2729 764 2828 ‹ptdyetr
786 2731 858 2805 υμᾶς
876 2733 925 2805 οὐχ
947 2735 1026 2811 ἡμεῖς
1044 2741 1093 2796 ul'-

142 2832 197 2868 τιοι
210 2809 364 2885 γιγόνομον,
380 2814 430 2866 τοῦ
445 2810 476 2868 dd
493 2808 674 2869 screldeir’
650 2832 688 2877 εις
704 2810 753 2877 τοὶς
775 2808 846 2879 ἰδίας
863 2817 1027 2913 πατρίδος’
1011 2823 1092 2893 appuis

142 2887 283 2965 ἐσόμεθα,-
301 2890 369 2962 πλὴν
385 2894 437 2946 τῶν
454 2889 563 2967 ἐναγῶν.
594 2891 768 2970 γεγράφαμεν
792 2892 850 2950 dd'
843 2893 1002 2973 Ληιποὶτρῳ
1026 2900 1091 2974 περὶ

141 2973 251 3039 τούτων,
274 2969 347 3039 ὅπως
366 2969 419 3038 τοῖς
442 2970 480 3045 μὴ
494 2975 661 3048 βουλομένας
677 2976 729 3031 τῶν
748 2971 850 3033 πόλεων
871 2976 1000 3052 κατάγειν
1017 2975 1089 3036 ἅνα-

140 3049 239 3130 radun

207 3153 239 3226 ².)
258 3153 366 3209 Gellius
385 3152 420 3209 N.
439 3156 470 3210 ti.
487 3153 523 3221 X,
544 3153 588 3211 te.
607 3156 642 3211 ci.
660 3156 735 3213 Suid.
753 3176 775 3216 a.
793 3175 819 3214 v.
834 3155 998 3239 ἰσοκρᾰτης.

206 3255 239 3326 3)
258 3256 362 3312 Plinius
381 3255 455 3311 llice
470 3255 535 3315 Nat.
550 3257 676 3326 XXXVI,
694 3260 722 3317 6.

206 3356 238 3428 4)
256 3358 355 3416 Saldae
371 3376 394 3412 s.
414 3375 439 3413 u.
457 3357 609 3430 θεοδὲκτης.

205 3458 233 3524 ⁵)
253 3459 337 3513 Diod
359 3461 415 3514 sic.
430 3460 503 3523 xvi,
525 3458 572 3515 36.

205 3559 335 3626 l³)Died.
355 3560 410 3618 Sic.
429 3560 516 3624 xvii,
534 3557 580 3620 24.
597 3548 760 3633 ndumab’
777 3556 905 3636 adseritur
921 3561 972 3630 τοὶς
981 3563 1084 3637 ‘suq-

139 3640 215 3706 οἶδας
231 3642 331 3707 πόλεις,
354 3643 439 3695 ποιῶν
460 3635 545 3705 adroic
562 3639 732 3712 αὐτονόμους,
749 3639 976 3718 ἀφορολογήτους,
992 3667 1082 3720 apec-

11 3724 15 3730 ’
139 3723 280 3794 malim,
302 3719 390 3776 du
358 3740 405 3792 της
420 3722 473 3776 τῶν
492 3718 622 3792 ‘diutim
643 3721 932 3799 ilwdeptlesscireaoe
949 3725 996 3785 cde
1010 3728 1083 3803 πρὸς

137 3805 245 3879 Πέρσης
262 3802 378 3872 πόλεμον
391 3795 564 3880 luarp'psprut
