2534 4658
528 375 736 446 -27-

164 536 334 622 Μαυσώλῳ
351 538 454 617 οἶνοῖνα
473 539 527 606 τὸν
546 538 732 608 διδάσκαλον.
776 542 867 621 Quae
883 548 920 614 ’ni
937 552 989 627 fex
1008 551 1104 633 illius,

163 641 254 704 ouius
280 636 339 703 sub
370 641 497 704 nomine
524 642 740 720 venditantur,
773 631 958 711 auctoritato
985 650 1104 728 iudica·

162 755 251 800 mua:
272 748 375 800 actum
394 750 451 800 eat.
492 737 549 803 Sin
570 761 640 804 eam
668 739 720 803 vel
738 738 904 824 Porphyrii
930 743 982 808 vel
1003 746 1104 811 Euae-

162 831 209 898 bii
228 830 324 896 fidem
351 855 421 901 esse
450 837 666 921 agnoscimus,
691 839 828 921 quaein
854 838 951 904 verba
978 844 1104 928 singula

163 948 228 993 non
242 931 335 1003 nimis
347 930 483 1001 sollicita
496 935 551 996 sit:
569 934 598 1008 ¹)
618 930 652 993 id
671 945 747 1015 puto
764 930 983 1016 obtinebimus,
1003 943 1103 1005 nomi-

162 1029 212 1090 nis
234 1047 340 1091 errore
364 1029 428 1094 iam
458 1028 531 1093 olim
553 1024 721 1091 nonnullos
747 1030 894 1116 deceptos
914 1055 993 1098 esso.
1034 1034 1103 1100 Au-

162 1121 284 1187 diamus
303 1128 437 1208 primum
457 1126 620 1190 Photinm:
647 1121 831 1205 σοναιιμύσαι
855 1124 888 1188 δὲ
906 1126 981 1204 λέγει
1008 1131 1100 1197 αὐτὸς

161 1217 423 1311 (Theopompus)
447 1219 555 1284 ἑαυτὸν
573 1217 734 1296 Ἰσοκράτει
759 1242 790 1282 τε
812 1226 856 1302 τῷ
882 1220 1030 1308 Ἀθηναίῳ
1051 1228 1103 1292 καλ

163 1316 308 1408 Θεοδέκτῃ
335 1325 379 1399 τῷ
411 1317 566 1408 Φασηλίτῃ
590 1316 641 1380 καὶ
660 1315 832 1401 Ναυκράτει
855 1324 899 1400 τῷ
919 1319 1102 1410 Ἐρυθραίῳ,

144 1410 210 1474 ’καὶ
226 1409 352 1487 τούτους
378 1413 444 1496 ἅμα,
461 1413 545 1495 αύτῷ
566 1412 613 1476 ’τὰ
633 1422 765 1494 πρωτεῖα
783 1420 835 1494 της
858 1416 889 1478 e’v
908 1414 1008 1495 λόγοις
1030 1446 1101 1486 παι-

159 1505 239 1583 δείας
265 1509 339 1591 ἔχειν
364 1511 394 1576 ἐν
415 1520 480 1584 τοῖς
496 1509 653 1593 Ἓλλησιν·
679 1506 759 1573 ἀλλὰ
779 1508 955 1596 Ἰσοκράτην
982 1513 1034 1598 μὲν
1054 1517 1099 1581 δι’

158 1603 292 1692 ἀπορίαν
311 1611 378 1694 βίου
401 1608 452 1673 κατ’
469 1605 634 1689 Θεοδέκτην
650 1613 765 1690 μισθοῦ
781 1605 891 1689 λόγους
909 1609 1032 1694 γράφειν
1049 1615 1101 1678 καλ

160 1702 350 1785 σοφιστεύειν,
370 1699 594 1777 ἕκπαιδεύοντας
615 1701 685 1776 τούς
705 1704 788 1778 νέους
807 1704 945 1772 uiuente
963 1731 1100 1794 καρπου-

157 1801 262 1883 μένους
289 1803 344 1878 τὰς
372 1800 523 1883 ὠφελείας·
554 1798 646 1865 αὐτὸν
674 1796 707 1862 δὲ
733 1801 787 1864 καὶ
814 1801 1015 1886 Ναυκράτην,
1043 1805 1099 1869 αύ-

158 1894 276 1982 τιλρκοος
294 1898 413 1982 ἔχοντας
438 1898 469 1960 ἐν
487 1894 606 1973 τούτοις
625 1896 672 1960 ἀεὶ
690 1894 744 1978 την
763 1894 916 1983 διατριβὴν
936 1901 968 1966 ἐν
985 1907 1031 1984 τῷ
1048 1926 1099 1983 φι-

157 1991 299 2076 λοσοφεῖν
325 1994 376 2060 καὶ
399 1991 577 2077 φιλομαθεῖν
598 2000 762 2074 ποιεῖσθαι,
787 1994 839 2056 κοιλ
863 1993 904 2070 ὥς
923 1996 977 2062 ούιι
996 1997 1034 2063 cit
1054 1999 1098 2081 εἴη

157 2091 241 2173 αύτῷ
263 2090 699 2172 παράλογοκύντιποιουμευῳ
725 2095 785 2158 τῶν
810 2095 971 2176 πρωτείων.
1013 2093 1098 2162 'rum

155 2190 384 2255 multitudinem
407 2193 592 2276 scriptorum
620 2209 748 2253 suorum
775 2205 1012 2272 commemorat,
1040 2215 1098 2258 no-

156 2289 311 2374 minisque
343 2286 573 2363 claritudinem,
614 2307 707 2372 quam
741 2285 935 2352 orationibus
969 2290 1036 2353 suis
1062 2293 1112 2380 in·

157 2387 305 2452 universa
316 2379 452 2447 Graecia
474 2395 683 2471 consequutus
703 2384 754 2446 sit.
792 2384 898 2461 Ταῦτα
918 2381 1011 2451 αύτὸι
1030 2384 1098 2471 περὶ

158 2478 253 2544 αὑτοῦ
273 2479 379 2558 λέγων,
403 2481 506 2565 pergit
527 2478 668 2557 Photius,
696 2477 768 2545 rodo
793 2479 824 2539 ἒν
842 2488 905 2552 τοῖς
926 2480 1097 2566 ἔμπροσθεν

156 2574 271 2663 χρόνοις
295 2576 415 2659 ἔχοντας
442 2575 473 2638 ἐν
493 2572 597 2652 λόγους
626 2573 662 2638 τὸ
689 2571 848 2657 πρωτεύειν
871 2573 950 2639 πολύ
970 2577 1097 2641 κατασε-

156 2674 292 2760 εοτύρουο
316 2671 513 2754 ἀποφαίνεται
537 2678 599 2738 τῶν
625 2671 703 2760 καθῖ
720 2671 828 2735 ἑαυτὸν
855 2669 925 2737 οὐδὲ
951 2679 1004 2755 τῆς
1030 2669 1096 2737 δευ-

156 2771 244 2856 τέρας
263 2766 378 2845 τάξεως.
395 2768 590 2852 ἀξιουμένων,
618 2769 671 2834 καὶ
694 2773 787 2832 τοῦτο
817 2765 907 2850 δῆλον
931 2765 1005 2834 εἶναί
1024 2795 1096 2857 φησι

156 2868 208 2933 καὶ
232 2867 264 2943 ἐξ
288 2865 389 2930 αύτῶν
413 2873 470 2930 τῶν
492 2865 573 2953 παρ’
606 2866 755 2950 ἑκατέροις
781 2865 1018 2947 ἐκπεπονημένον
1044 2869 1096 2932 καλ

156 2960 419 3045 καταλελειμμένων
435 2958 548 3040 λόγων·
575 2959 689 3044 πολλὴν
711 2960 769 3048 γὰρ
796 2961 850 3045 τὴν
867 2959 1008 3045 τοιαύτην
1024 2967 1096 3027 παλ-

157 3060 255 3127 δευσιν
273 3059 405 3125 ἐπίδοσιν
418 3056 517 3144 λαβεῖν
535 3060 614 3124 κατὰ
632 3058 686 3140 την
705 3057 799 3123 αύτοῦ
818 3057 939 3142 ἡλικίαν.
982 3060 1094 3141 Vides,

110 3241 114 3247 .
156 3164 285 3248 opinor,
318 3157 478 3224 homiuem
500 3155 673 3243 gloriosmu
698 3171 731 3222 et
752 3156 987 3245 magniloquum
1010 3156 1094 3223 haud

156 3257 334 3323 dubitanter
351 3253 599 3341 prinoipemnibi
620 3256 703 3320 inter
722 3267 863 3319 oratores
888 3255 939 3317 sui
956 3257 1028 3318 aovi
1046 3253 1094 3319 lo·

157 3375 229 3418 oum
246 3353 424 3430 uindicare,
451 3352 572 3438 ipsique
597 3349 728 3415 Isocrati
755 3349 798 3415 se
811 3349 982 3428 anteferre,
1010 3351 1093 3438 qnod

156 3452 204 3529 is,
231 3452 334 3514 minus
357 3445 468 3534 amplis
493 3448 541 3510 rei
564 3445 725 3512 familiaris
751 3444 950 3512 facultatibus
977 3448 1092 3512 instru-

226 3772 253 3838 t)
270 3771 305 3826 ct.
322 3788 389 3842 quot
408 3772 502 3827 iaudat
519 3770 641 3826 munta·
660 3767 915 3841 adEphor.p.71.
