2534 4658
537 387 746 455 -54..

169 557 335 612 trithele.
350 573 377 627 p.
393 557 456 611 141.
470 560 513 622 Α.)
531 559 566 612 ab
587 557 640 611 hae
658 559 820 628 quaestione
837 559 1031 612 removendum
1051 575 1113 613 esse

168 627 251 679 facile
268 632 300 677 ut
319 629 418 695 opinor
429 628 570 680 obtinebo.
590 653 626 664 -
644 628 674 680 P.
687 628 733 681 48.
755 629 885 695 Dionysii
895 629 986 681 locum
1000 629 1034 680 (le
1047 627 1113 696 Epi-

166 695 240 748 stolis
262 694 401 748 Archuicis
425 697 556 747 tractavit
573 693 661 749 ‘etiam
680 697 838 764 llruegerus
865 696 882 745 1.
904 696 923 746 1.
943 713 970 764 p.
992 695 1038 748 51.
1066 698 1113 765 qui

167 764 240 832 quod
260 777 322 815 roc.
342 763 515 836 γραφομένας
541 769 698 832 corruptum
717 770 804 833 putat,
829 779 935 815 mecum
959 770 1111 817 consentit:

166 832 305 884 sedidem
325 849 407 900 quum
430 833 547 894 dubitat,
571 832 809 951 ‚a'ampaqops'ree
831 832 1050 883 substituendum
1075 834 1112 886 sit

167 916 203 952 an
225 897 431 970 ypraqecr‘praee,n
463 901 593 967 deceptus
617 902 647 951 vi
666 907 728 952 etur
756 900 938 968 praecedente
963 902 1111 967 participio

167 965 369 1035 συνταξάμενος.
400 967 470 1020 Nam
488 963 664 1039 γραψάμενος
685 985 719 1020 eo
739 971 902 1036 significatu,
927 984 1006 1036 quem
1030 968 1110 1021 huius

166 1038 222 1088 laci
238 1038 378 1088 sententia
395 1035 513 1103 flagitat,
539 1037 568 1087 in
587 1037 709 1088 Graecia
730 1038 759 1088 ni
784 1036 866 1088 fallor
883 1032 1038 1104 ignoratum
1059 1044 1109 1090 est.

166 1105 271 1157 Eodem
290 1105 352 1156 leco
377 1105 494 1171 probare
520 1104 629 1155 videtur
649 1105 856 1172 inscriptionem
879 1120 948 1167 cam,
975 1119 1056 1172 quam
1079 1107 1110 1157 in

165 1173 244 1225 codd.
263 1172 402 1224 nonnullis
421 1187 451 1224 se
466 1171 603 1239 reperisse
620 1173 688 1223 dicit
707 1173 743 1223 11.
766 1171 928 1238 Stephanus,
949 1167 1110 1226 Ἐπιστολαὶ

162 1238 298 1304 Dipoinai,
322 1241 356 1292 de
381 1241 479 1308 quibus
508 1255 607 1294 novam
635 1241 771 1308 quandam
802 1241 987 1292 coniecturam
1015 1240 1106 1292 affert.
1134 1298 1136 1301 .

164 1307 393 1372 „cananaeos
409 1309 506 1377 inquit,
525 1309 635 1376 optimis
653 1309 760 1375 legibus
776 1323 842 1360 usos
861 1323 922 1359 esse
943 1315 1051 1360 constet
1067 1312 1105 1371 (r.

164 1377 266 1430 Strabo
287 1375 359 1437 Vlll,
377 1378 402 1427 7.
423 1392 451 1443 p.
472 1373 528 1428 219
545 1393 586 1446 sq.
613 1377 656 1428 etl.
680 1375 804 1428 '1¹auebn.
826 1381 856 1427 et
876 1375 973 1442 Polyb.
994 1377 1028 1439 ll,
1047 1375 1107 1441 38.)

162 1462 217 1497 non
242 1444 424 1511 improbabile
451 1445 561 1496 ridetur
583 1443 792 1513 Theopompum
813 1439 942 1512 Ἆραῖκὰς
965 1441 1109 1506 ἐπιστολὰς

162 1514 306 1580 scripsisse
324 1512 480 1578 ecquidem
495 1512 619 1575 consilio,
636 1520 676 1575 ut,
693 1529 746 1580 quo
764 1517 824 1564 erat
838 1514 960 1579 ingenio,
980 1513 1051 1563 alias
1069 1515 1106 1565 ci-

161 1584 263 1632 vitates
280 1579 333 1630 hec
351 1581 459 1632 nemine
469 1579 689 1647 reprehenderet.
724 1580 801 1642 Quae
820 1581 930 1647 quidem
948 1582 1107 1633 coniectura

163 1652 267 1717 optime
284 1649 412 1699 convenit
428 1665 489 1700 cum
507 1664 550 1710 eo,
568 1649 641 1716 quod
652 1649 804 1716 Dionysius
820 1650 968 1715 posteriori
983 1649 1046 1700 loco
1065 1651 1106 1701 ui-

163 1720 209 1780 cit,
229 1716 437 1783 Theopompum
450 1716 499 1767 has
513 1717 645 1783 epistolas
662 1718 699 1787 τῷ
715 1714 843 1781 πνεύματι
861 1715 1040 1785 ἐπιτρέψαντα
1058 1736 1107 1787 ye-

180 1784 318 1855 poqu'sec'*
353 1783 424 1835 Mihi
449 1783 502 1835 boc
528 1800 583 1836 non
602 1784 722 1852 probari,
747 1801 803 1836 non
825 1785 960 1851 estquod
979 1785 1105 1837 dissimu-

161 1807 225 1906 lem.
267 1855 394 1904 Ceterum
413 1850 439 1902 si
461 1851 632 1904 coniectandi
649 1853 771 1904 libertati
789 1854 818 1903 in
843 1851 896 1903 hac
913 1868 942 1903 re
961 1853 1105 1921 indulgen·

161 1925 224 1974 ilum
245 1935 306 1972 esse
317 1920 525 1982 existimassem,
545 1921 619 1971 aliud
639 1923 723 1972 etiam
737 1935 870 1972 exornare
883 1927 1010 1988 poteram
1030 1937 1104 1974 com-

161 1996 291 2042 mentum.
332 1987 402 2042 Nam
419 1989 444 2038 si
464 1987 515 2040 hac
526 1988 667 2055 Epistulae
682 1985 802 2057 Ἀρχικαὶ
820 1988 974 2056 appellatae
993 1989 1105 2054 luerint,

160 2057 315 2124 intelligere
334 2057 431 2108 licebit
446 2055 491 2108 vel
510 2057 544 2106 ab
563 2073 605 2120 eo,
627 2057 674 2125 qui
687 2057 852 2124 magistratu
869 2057 1038 2124 iungeretur,
1057 2061 1104 2110 ucl

160 2129 195 2178 ad
214 2125 365 2194 principem
382 2124 415 2176 da
441 2125 556 2191 imperio
579 2128 633 2177 rite
658 2125 874 2176 administrando
898 2128 1023 2191 scriptas.
1059 2126 1104 2180 Dc

159 2210 221 2314 Boc.
243 2188 516 2312 apyrsbgopiligenter
534 2193 685 2262 disputavit
702 2192 807 2244 Hasius
825 2192 860 2243 ad
877 2191 919 2243 lo.
939 2193 1049 2261 Lydum
1069 2196 1103 2247 de

184 2267 267 2315 stent.
309 2300 313 2308 .
409 2277 422 2311 s
464 2297 468 2306 .

73 2380 79 2391 ,
226 2330 255 2381 Ρ.
268 2277 305 2381 50
319 2345 395 2397 seqq.
424 2276 468 2380 lille
480 2324 631 2396 κακοηθείᾳ
647 2323 820 2393 Theopompi
831 2340 891 2378 cum
903 2325 1020 2396 Polybio
1040 2345 1102 2381 sen·

159 2401 195 2452 tit
210 2399 282 2450 idem
301 2398 459 2464 liruegems
476 2395 494 2446 1.
514 2395 532 2445 1.
552 2411 579 2462 p.
597 2394 643 2447 56.
665 2394 844 2446 etll'eiskius
861 2396 894 2448 de
913 2395 1066 2464 hyperbole
1077 2399 1101 2448 1.

158 2484 185 2535 p.
202 2464 248 2518 35.
290 2465 336 2516 Mc
355 2464 474 2516 nondum
494 2465 615 2531 poenitet
632 2478 736 2524 eorum,
761 2477 831 2529 quae
857 2464 890 2516 de
911 2463 965 2516 hoc
987 2467 1102 2518 crimine

158 2534 265 2602 scripsi.
304 2532 348 2584 De
366 2532 482 2600 Polybio
499 2531 607 2582 iuvabit
618 2530 765 2582 contulisse
777 2529 879 2582 Lucana
890 2532 919 2582 in
939 2547 1031 2600 progr.
1048 2534 1101 2584 Re·

158 2601 291 2655 ‹riomonti
310 2599 392 2652 1820.
414 2600 504 2651 edito:
534 2598 617 2651 Ueber
627 2597 751 2667 Polybius
762 2597 941 2668 Darstelluag
959 2602 1003 2652 des
1016 2600 1101 2654 Aetol.

156 2644 271 2723 liciados
304 2667 400 2720 Ecstor
414 2667 505 2719 ‚Theil
527 2669 564 2735 (p.
588 2666 631 2718 31.
650 2672 708 2718 not.
729 2666 754 2716 1.
777 2683 804 2735 p·
824 2667 862 2719 54
873 2671 945 2736 sqq)
983 2670 1026 2721 De
1040 2670 1102 2722 Plri-

156 2740 226 2808 lippi
250 2738 361 2856 in{eni0
384 2734 583 2789 v.Dru1uaaa.
608 2733 709 2787 Gesch.
737 2734 787 2787 (les
809 2735 929 2788 Verfalls
946 2737 972 2789 (1.
994 2754 1034 2805 gr.
1055 2738 1099 2791 St.

155 2809 186 2860 P.
205 2809 226 2860 l.
264 2804 329 2857 .‘7·

221 2822 365 2926 Plstremo
388 2870 519 2924 nonnulla
543 2886 687 2939 operarum
713 2876 805 2921 errata
829 2879 1030 2924 remanserunt:
1054 2873 1101 2924 cui

41 2926 45 2933 ’
92 2969 97 2979 ·
155 2943 198 2994 rei
213 2942 361 3002 medemur,
386 2945 417 2990 ut
435 2955 588 3007 possumus,
617 2938 765 3005 diligenter
783 2939 944 3003 indicandis,
964 2955 1100 3008 quaecun-

155 3027 208 3080 que
224 3025 258 3061 ex
275 3024 309 3059 eo
327 3006 680 3087 generctdeprehendimus,
705 3007 793 3110 pitiis:
856 3069 863 3088 Ι

154 3143 201 3198 22.
222 3075 365 3197 habs
384 3075 981 3211 6115311131...13313333ῖὲ(
1009 3075 1101 3212 stit:

153 3220 211 3266 not·
240 3211 267 3263 3.
292 3213 411 3280 Longin.
438 3212 471 3263 de
497 3210 567 3262 subl.
595 3227 617 3262 s.
643 3210 677 3260 ll.
726 3225 752 3277 p·
771 3207 882 3270 23,,22.
908 3214 1098 3264 evertendum.

153 3297 180 3348 p.
202 3279 310 3341 24,15.
330 3281 455 3332 Diodoro
502 3277 590 3346 p-28,
609 3285 666 3330 not.
688 3276 714 3327 1.
744 3278 810 3329 fecit
832 3293 882 3345 pro
903 3278 963 3330 fuit.
1000 3296 1025 3348 p
1049 3279 1098 3347 30,

97 3398 101 3405 ,
155 3349 200 3401 17.
220 3349 492 3417 ldqueproltaque.
533 3363 559 3414 p.
583 3345 629 3408 32,
650 3345 675 3398 5.
696 3345 726 3398 P.
744 3346 778 3395 Ε.
819 3343 1098 3413 p.34,1.ma1ev0-

151 3417 249 3469 lorum.
290 3431 318 3483 p.
335 3415 380 3480 36,
396 3416 440 3467 10.
461 3421 696 3468 commemoratur.
731 3430 758 3481 p.
776 3411 820 3474 36,
831 3415 876 3466 20.
891 3413 1099 3471 ἸΣΤΟΡΙΩΝ

152 3500 179 3551 p.
198 3485 246 3544 40,
268 3482 311 3536 17.
328 3480 490 3556 παράδοξον.
526 3499 554 3550 p·
573 3482 622 3546 46,
639 3481 685 3535 27.
704 3482 825 3536 lullonis.
865 3498 891 3549 p.
910 3483 956 3548 47,
976 3482 1003 3534 3.
1021 3486 1098 3540 vide-

150 3554 249 3604 bimur.

270 3772 381 3841 Typis
415 3771 564 3826 loannis
592 3770 775 3824 Friderici
806 3767 975 3823 starchii.
